@inproceedings{Sch2004Recognizing,
  title={Recognizing Human Actions: A Local SVM Approach},
  author={Sch, Christian and Laptev, Ivan and Caputo, Barbara},
  booktitle={International Conference on Pattern Recognition},
  year={2004},
}
@article{Cherkassky2004Practical,
  title={Practical selection of SVM parameters and noise estimation for SVM regression},
  author={Cherkassky, Vladimir and Ma, Yunqian},
  journal={Neural Networks},
  volume={17},
  number={1},
  pages={113-126},
  year={2004},
}
@inproceedings{Nong2012Parameters,
  title={Parameters Selection and Noise Estimation of SVM Regression},
  author={Nong, Jifu},
  booktitle={Fifth International Joint Conference on Computational Sciences & Optimization},
  year={2012},
}
@article{Das2018A,
  title={A novel hybrid model using teachingâ€“learning-based optimization and a support vector machine for commodity futures index forecasting},
  author={Das, Shom Prasad and Padhy, Sudarsan},
  journal={International Journal of Machine Learning & Cybernetics},
  volume={9},
  number={1},
  pages={97-111},
  year={2018},
}
@Misc{Tobias,
howpublished = {\url{CTAN://info/lshort}}, 
title = {The not so short introduction to latex2e},
author = {Tobias Oetiker, Hubert Partl, Irene Hyna and Elisabeth Schlegl},
note = {Online; accessed 19 January 2019},
}