%% This BibTeX bibliography file was created using BibDesk.
%% http://bibdesk.sourceforge.net/


%% Created for Ma Guochun at 2012-12-19 07:24:54 +0800


%% Saved with string encoding Unicode (UTF-8)



@article{wxp_1999,
	Author = {Wang, Xiaoping},
	Date-Added = {2012-12-17 14:05:46 +0000},
	Date-Modified = {2012-12-18 23:24:47 +0000},
	Journal = {Journal Of Hunan University Natural Sciences},
	Title = {Oscillation and Global Attractivity in a Discrete Logistic Mode},
	Volume = {26},
	Year = {1999}}

@article{NYAS:NYAS221,
	Author = {Hutchinson, G. Evelyn},
	Date-Modified = {2012-12-16 13:02:52 +0000},
	Issn = {1749-6632},
	Journal = {Annals of the New York Academy of Sciences},
	Pages = {221--246},
	Publisher = {Blackwell Publishing Ltd},
	Title = {Circular causal systems in ecology},
	Volume = {50},
	Year = {1948},
	Bdsk-Url-1 = {http://dx.doi.org/10.1111/j.1749-6632.1948.tb39854.x}}

@article{2000_lyj_MR1770856,
	Author = {Liu, Yuji},
	Coden = {SSHXEQ},
	Date-Modified = {2012-11-14 02:03:14 +0000},
	Fjournal = {Journal of Biomathematics. Shengwu Shuxue Xuebao},
	Issn = {1001-9626},
	Journal = {J. Biomath.},
	Keywords = {global attractivity},
	Mrclass = {92D25},
	Mrnumber = {1770856 (2001b:92027)},
	Pages = {65--69},
	Title = {Global attractivity for a population model with time delay},
	Volume = {15},
	Year = {2000},
	Bdsk-File-1 = {YnBsaXN0MDDUAQIDBAUIJidUJHRvcFgkb2JqZWN0c1gkdmVyc2lvblkkYXJjaGl2ZXLRBgdUcm9vdIABqAkKFRYXGyIjVSRudWxs0wsMDQ4RFFpOUy5vYmplY3RzV05TLmtleXNWJGNsYXNzog8QgASABqISE4ACgAOAB1lhbGlhc0RhdGFccmVsYXRpdmVQYXRo0hgNGRpXTlMuZGF0YU8RAlQAAAAAAlQAAgAADE1hY2ludG9zaCBIRAAAAAAAAAAAAAAAAAAAAMq5p9RIKwAAAClbIx4yMDAwX2x5al+52NPa0rvA4MqxIzJCNTIwRS5wZGYAAAAAAAAAAAAAAAAAAAAAAAAAAAAAAAAAAAAAAAAAAAAAK1IOzMkcEAAAAAAAAAAAAAEAAgAACSAAAAAAAAAAAAAAAAAAAAADYmliAAAQAAgAAMq5N1QAAAARAAgAAMzIq5AAAAABABwAKVsjACfzHAApYpIACx6QAAUe4AAFHt8AAMAjAAIAb01hY2ludG9zaCBIRDpVc2VyczoAbWFndW9jaHVuOgBEb2N1bWVudHM6AL/G0dDC287EOgDT68nqwM/KprrP1/c6AMqx1s23vbPMOgBiaWI6ADIwMDBfbHlqX7nY09rSu8DgyrEjMkI1MjBFLnBkZgAADgBEACEAMgAwADAAMABfAGwAeQBqAF9Rc06OTgB8e2X2bt5OulPjaiFXi3aEUWhcQFQ4XxVgJwBfgvFlhwBfAC4AcABkAGYADwAaAAwATQBhAGMAaQBuAHQAbwBzAGgAIABIAEQAEgCQVXNlcnMvbWFndW9jaHVuL0RvY3VtZW50cy/np5HnoJTorrrmlocv5LiO55Sz6ICB5biI5ZCI5L2cL+aXtua7nuaWueeoiy9iaWIvMjAwMF9seWpf5YWz5LqO5LiA57G75pe25rue5Lq65Y+j5qih5Z6L55qE5YWo5bGA5ZC45byV5oCnX+iLseaWh18ucGRmABMAAS8AABUAAgAQ//8AAIAF0hwdHh9YJGNsYXNzZXNaJGNsYXNzbmFtZaMfICFdTlNNdXRhYmxlRGF0YVZOU0RhdGFYTlNPYmplY3RvECgALgAuAC8AYgBpAGIALwAyADAAMAAwAF8AbAB5AGoAX1FzTo5OAHx7ZfZu3k66U+NqIVeLdoRRaFxAVDhfFWAnAF+C8WWHAF8ALgBwAGQAZtIcHSQloiUhXE5TRGljdGlvbmFyeRIAAYagXxAPTlNLZXllZEFyY2hpdmVyAAgAEQAWAB8AKAAyADUAOgA8AEUASwBSAF0AZQBsAG8AcQBzAHYAeAB6AHwAhgCTAJgAoAL4AvoC/wMIAxMDFwMlAywDNQOIA40DkAOdA6IAAAAAAAACAQAAAAAAAAAoAAAAAAAAAAAAAAAAAAADtA==}}

@article{1995_so_MR1317052,
	Author = {So, Joseph W.-H. and Yu, J. S.},
	Coden = {PAMYAR},
	Date-Modified = {2012-11-14 02:02:49 +0000},
	Fjournal = {Proceedings of the American Mathematical Society},
	Issn = {0002-9939},
	Journal = {Proc. Amer. Math. Soc.},
	Keywords = {Global attractivity},
	Mrclass = {34K20 (92D25)},
	Mrnumber = {1317052 (96c:34170b)},
	Mrreviewer = {H. A. DeKleine},
	Pages = {2687--2694},
	Title = {Global attractivity for a population model with time delay},
	Volume = {123},
	Year = {1995},
	Bdsk-File-1 = {YnBsaXN0MDDUAQIDBAUIJidUJHRvcFgkb2JqZWN0c1gkdmVyc2lvblkkYXJjaGl2ZXLRBgdUcm9vdIABqAkKFRYXGyIjVSRudWxs0wsMDQ4RFFpOUy5vYmplY3RzV05TLmtleXNWJGNsYXNzog8QgASABqISE4ACgAOAB1lhbGlhc0RhdGFccmVsYXRpdmVQYXRo0hgNGRpXTlMuZGF0YU8RAjYAAAAAAjYAAgAADE1hY2ludG9zaCBIRAAAAAAAAAAAAAAAAAAAAMq5p9RIKwAAAClbIx8xOTk1X3l1YW5kc29fR2xvYmFsQSMyQjUxRkEucGRmAAAAAAAAAAAAAAAAAAAAAAAAAAAAAAAAAAAAAAAAAAAAK1H6zMkY5gAAAAAAAAAAAAEAAgAACSAAAAAAAAAAAAAAAAAAAAADYmliAAAQAAgAAMq5N1QAAAARAAgAAMzIqGYAAAABABwAKVsjACfzHAApYpIACx6QAAUe4AAFHt8AAMAjAAIAcE1hY2ludG9zaCBIRDpVc2VyczoAbWFndW9jaHVuOgBEb2N1bWVudHM6AL/G0dDC287EOgDT68nqwM/KprrP1/c6AMqx1s23vbPMOgBiaWI6ADE5OTVfeXVhbmRzb19HbG9iYWxBIzJCNTFGQS5wZGYADgBIACMAMQA5ADkANQBfAHkAdQBhAG4AZABzAG8AXwBHAGwAbwBiAGEAbABBAHQAdAByAGEAYwB0AGkAdgBpAHQAeQAuAHAAZABmAA8AGgAMAE0AYQBjAGkAbgB0AG8AcwBoACAASABEABIAblVzZXJzL21hZ3VvY2h1bi9Eb2N1bWVudHMv56eR56CU6K665paHL+S4jueUs+iAgeW4iOWQiOS9nC/ml7bmu57mlrnnqIsvYmliLzE5OTVfeXVhbmRzb19HbG9iYWxBdHRyYWN0aXZpdHkucGRmABMAAS8AABUAAgAQ//8AAIAF0hwdHh9YJGNsYXNzZXNaJGNsYXNzbmFtZaMfICFdTlNNdXRhYmxlRGF0YVZOU0RhdGFYTlNPYmplY3RfECouLi9iaWIvMTk5NV95dWFuZHNvX0dsb2JhbEF0dHJhY3Rpdml0eS5wZGbSHB0kJaIlIVxOU0RpY3Rpb25hcnkSAAGGoF8QD05TS2V5ZWRBcmNoaXZlcgAIABEAFgAfACgAMgA1ADoAPABFAEsAUgBdAGUAbABvAHEAcwB2AHgAegB8AIYAkwCYAKAC2gLcAuEC6gL1AvkDBwMOAxcDRANJA0wDWQNeAAAAAAAAAgEAAAAAAAAAKAAAAAAAAAAAAAAAAAAAA3A=},
	Bdsk-Url-1 = {http://dx.doi.org/10.2307/2160562}}

@article{1955_Wright_MR0072363,
	Author = {Wright, E. M.},
	Date-Modified = {2012-11-06 00:29:49 +0000},
	Fjournal = {Journal f\"ur die Reine und Angewandte Mathematik},
	Issn = {0075-4102},
	Journal = {J. Reine Angew. Math.},
	Keyword = {nonlinear difference-differential equation},
	Keywords = {nonlinear difference-differential equation},
	Mrclass = {39.0X},
	Mrnumber = {0072363 (17,272b)},
	Mrreviewer = {W. J. Trjitzinsky},
	Pages = {66--87},
	Title = {A non-linear difference-differential equation},
	Volume = {194},
	Year = {1955},
	Bdsk-File-1 = {YnBsaXN0MDDUAQIDBAUIJidUJHRvcFgkb2JqZWN0c1gkdmVyc2lvblkkYXJjaGl2ZXLRBgdUcm9vdIABqAkKFRYXGyIjVSRudWxs0wsMDQ4RFFpOUy5vYmplY3RzV05TLmtleXNWJGNsYXNzog8QgASABqISE4ACgAOAB1lhbGlhc0RhdGFccmVsYXRpdmVQYXRo0hgNGRpXTlMuZGF0YU8RAggAAAAAAggAAgAADE1hY2ludG9zaCBIRAAAAAAAAAAAAAAAAAAAAMq5p9RIKwAAAClbIxYxOTU1X1dSSUdIVF9yZXZpZXcucGRmAAAAAAAAAAAAAAAAAAAAAAAAAAAAAAAAAAAAAAAAAAAAAAAAAAAAAAAAKmLxzL55BgAAAAAAAAAAAAEAAgAACSAAAAAAAAAAAAAAAAAAAAADYmliAAAQAAgAAMq5N1QAAAARAAgAAMy+CIYAAAABABwAKVsjACfzHAApYpIACx6QAAUe4AAFHt8AAMAjAAIAZ01hY2ludG9zaCBIRDpVc2VyczoAbWFndW9jaHVuOgBEb2N1bWVudHM6AL/G0dDC287EOgDT68nqwM/KprrP1/c6AMqx1s23vbPMOgBiaWI6ADE5NTVfV1JJR0hUX3Jldmlldy5wZGYAAA4ALgAWADEAOQA1ADUAXwBXAFIASQBHAEgAVABfAHIAZQB2AGkAZQB3AC4AcABkAGYADwAaAAwATQBhAGMAaQBuAHQAbwBzAGgAIABIAEQAEgBhVXNlcnMvbWFndW9jaHVuL0RvY3VtZW50cy/np5HnoJTorrrmlocv5LiO55Sz6ICB5biI5ZCI5L2cL+aXtua7nuaWueeoiy9iaWIvMTk1NV9XUklHSFRfcmV2aWV3LnBkZgAAEwABLwAAFQACABD//wAAgAXSHB0eH1gkY2xhc3Nlc1okY2xhc3NuYW1lox8gIV1OU011dGFibGVEYXRhVk5TRGF0YVhOU09iamVjdF8QHS4uL2JpYi8xOTU1X1dSSUdIVF9yZXZpZXcucGRm0hwdJCWiJSFcTlNEaWN0aW9uYXJ5EgABhqBfEA9OU0tleWVkQXJjaGl2ZXIACAARABYAHwAoADIANQA6ADwARQBLAFIAXQBlAGwAbwBxAHMAdgB4AHoAfACGAJMAmACgAqwCrgKzArwCxwLLAtkC4ALpAwkDDgMRAx4DIwAAAAAAAAIBAAAAAAAAACgAAAAAAAAAAAAAAAAAAAM1},
	Bdsk-File-2 = {YnBsaXN0MDDUAQIDBAUIJidUJHRvcFgkb2JqZWN0c1gkdmVyc2lvblkkYXJjaGl2ZXLRBgdUcm9vdIABqAkKFRYXGyIjVSRudWxs0wsMDQ4RFFpOUy5vYmplY3RzV05TLmtleXNWJGNsYXNzog8QgASABqISE4ACgAOAB1lhbGlhc0RhdGFccmVsYXRpdmVQYXRo0hgNGRpXTlMuZGF0YU8RAoIAAAAAAoIAAgAADE1hY2ludG9zaCBIRAAAAAAAAAAAAAAAAAAAAMq5p9RIKwAAAClbIx8xOTU1X1dSSUdIVF9hIG5vbmxpbiMyQTY1NTUucGRmAAAAAAAAAAAAAAAAAAAAAAAAAAAAAAAAAAAAAAAAAAAAKmVVzL57/gAAAAAAAAAAAAEAAgAACSAAAAAAAAAAAAAAAAAAAAADYmliAAAQAAgAAMq5N1QAAAARAAgAAMy+C34AAAABABwAKVsjACfzHAApYpIACx6QAAUe4AAFHt8AAMAjAAIAcE1hY2ludG9zaCBIRDpVc2VyczoAbWFndW9jaHVuOgBEb2N1bWVudHM6AL/G0dDC287EOgDT68nqwM/KprrP1/c6AMqx1s23vbPMOgBiaWI6ADE5NTVfV1JJR0hUX2Egbm9ubGluIzJBNjU1NS5wZGYADgB6ADwAMQA5ADUANQBfAFcAUgBJAEcASABUAF8AYQAgAG4AbwBuAGwAaQBuAGUAYQByACAAZABpAGYAZgBlAHIAZQBuAGMAZQAtAGQAaQBmAGYAZQByAGUAbgB0AGkAYQBsACAAZQBxAHUAYQB0AGkAbwBuAC4AcABkAGYADwAaAAwATQBhAGMAaQBuAHQAbwBzAGgAIABIAEQAEgCHVXNlcnMvbWFndW9jaHVuL0RvY3VtZW50cy/np5HnoJTorrrmlocv5LiO55Sz6ICB5biI5ZCI5L2cL+aXtua7nuaWueeoiy9iaWIvMTk1NV9XUklHSFRfYSBub25saW5lYXIgZGlmZmVyZW5jZS1kaWZmZXJlbnRpYWwgZXF1YXRpb24ucGRmAAATAAEvAAAVAAIAEP//AACABdIcHR4fWCRjbGFzc2VzWiRjbGFzc25hbWWjHyAhXU5TTXV0YWJsZURhdGFWTlNEYXRhWE5TT2JqZWN0XxBDLi4vYmliLzE5NTVfV1JJR0hUX2Egbm9ubGluZWFyIGRpZmZlcmVuY2UtZGlmZmVyZW50aWFsIGVxdWF0aW9uLnBkZtIcHSQloiUhXE5TRGljdGlvbmFyeRIAAYagXxAPTlNLZXllZEFyY2hpdmVyAAgAEQAWAB8AKAAyADUAOgA8AEUASwBSAF0AZQBsAG8AcQBzAHYAeAB6AHwAhgCTAJgAoAMmAygDLQM2A0EDRQNTA1oDYwOpA64DsQO+A8MAAAAAAAACAQAAAAAAAAAoAAAAAAAAAAAAAAAAAAAD1Q==}}

@book{1992_Gopalsamy,
	Author = {K. Gopalsamy},
	Date-Modified = {2012-11-04 07:13:15 +0000},
	Keywords = {global attractivity},
	Masid = {2407391},
    Publisher={Springer},
	Title = {{Stability and oscillations in delay differential equations of population dynamics}},
	Year = {1992}}

@article{2011_Ozturk_1532,
	Author = {I. Ozturk and F. Bozkurt},
	Date-Added = {2012-10-23 08:31:30 +0000},
	Date-Modified = {2012-10-24 03:04:42 +0000},
	Issn = {1468-1218},
	Journal = {Nonlinear Analysis: Real World Applications},
	Keywords = {Oscillation},
	Pages = {1532 - 1545},
	Title = {Stability analysis of a population model with piecewise constant arguments},
	Volume = {12},
	Year = {2011},
	Bdsk-File-1 = {YnBsaXN0MDDUAQIDBAUIJidUJHRvcFgkb2JqZWN0c1gkdmVyc2lvblkkYXJjaGl2ZXLRBgdUcm9vdIABqAkKFRYXGyIjVSRudWxs0wsMDQ4RFFpOUy5vYmplY3RzV05TLmtleXNWJGNsYXNzog8QgASABqISE4ACgAOAB1lhbGlhc0RhdGFccmVsYXRpdmVQYXRo0hgNGRpXTlMuZGF0YU8RAtgAAAAAAtgAAgAADE1hY2ludG9zaCBIRAAAAAAAAAAAAAAAAAAAAMq5p9RIKwAAAClbIx8yMDExX05BUldBX1N0YWJpbGl0eSMyOTYyMjEucGRmAAAAAAAAAAAAAAAAAAAAAAAAAAAAAAAAAAAAAAAAAAAAKWIhzKx2SwAAAAAAAAAAAAEAAgAACSAAAAAAAAAAAAAAAAAAAAADYmliAAAQAAgAAMq5N1QAAAARAAgAAMysBcsAAAABABwAKVsjACfzHAApYpIACx6QAAUe4AAFHt8AAMAjAAIAcE1hY2ludG9zaCBIRDpVc2VyczoAbWFndW9jaHVuOgBEb2N1bWVudHM6AL/G0dDC287EOgDT68nqwM/KprrP1/c6AMqx1s23vbPMOgBiaWI6ADIwMTFfTkFSV0FfU3RhYmlsaXR5IzI5NjIyMS5wZGYADgC0AFkAMgAwADEAMQBfAE4AQQBSAFcAQQBfAFMAdABhAGIAaQBsAGkAdAB5ACAAYQBuAGEAbAB5AHMAaQBzACAAbwBmACAAYQAgAHAAbwBwAHUAbABhAHQAaQBvAG4AIABtAG8AZABlAGwAIAB3AGkAdABoACAAcABpAGUAYwBlAHcAaQBzAGUAIABjAG8AbgBzAHQAYQBuAHQAIABhAHIAZwB1AG0AZQBuAHQAcwAuAHAAZABmAA8AGgAMAE0AYQBjAGkAbgB0AG8AcwBoACAASABEABIApFVzZXJzL21hZ3VvY2h1bi9Eb2N1bWVudHMv56eR56CU6K665paHL+S4jueUs+iAgeW4iOWQiOS9nC/ml7bmu57mlrnnqIsvYmliLzIwMTFfTkFSV0FfU3RhYmlsaXR5IGFuYWx5c2lzIG9mIGEgcG9wdWxhdGlvbiBtb2RlbCB3aXRoIHBpZWNld2lzZSBjb25zdGFudCBhcmd1bWVudHMucGRmABMAAS8AABUAAgAQ//8AAIAF0hwdHh9YJGNsYXNzZXNaJGNsYXNzbmFtZaMfICFdTlNNdXRhYmxlRGF0YVZOU0RhdGFYTlNPYmplY3RfEGAuLi9iaWIvMjAxMV9OQVJXQV9TdGFiaWxpdHkgYW5hbHlzaXMgb2YgYSBwb3B1bGF0aW9uIG1vZGVsIHdpdGggcGllY2V3aXNlIGNvbnN0YW50IGFyZ3VtZW50cy5wZGbSHB0kJaIlIVxOU0RpY3Rpb25hcnkSAAGGoF8QD05TS2V5ZWRBcmNoaXZlcgAIABEAFgAfACgAMgA1ADoAPABFAEsAUgBdAGUAbABvAHEAcwB2AHgAegB8AIYAkwCYAKADfAN+A4MDjAOXA5sDqQOwA7kEHAQhBCQEMQQ2AAAAAAAAAgEAAAAAAAAAKAAAAAAAAAAAAAAAAAAABEg=},
	Bdsk-Url-1 = {http://www.sciencedirect.com/science/article/pii/S1468121810002713},
	Bdsk-Url-2 = {http://dx.doi.org/10.1016/j.nonrwa.2010.10.011}}

@article{2010_nakata_MR2680013,
	Author = {Nakata, Yukihiko},
	Coden = {NOANDD},
	Date-Modified = {2012-10-24 03:12:13 +0000},
	Fjournal = {Nonlinear Analysis. Theory, Methods \& Applications. An International Multidisciplinary Journal. Series A: Theory and Methods},
	Issn = {0362-546X},
	Journal = {Nonlinear Anal.},
	Keywords = {Global stability; a logistic equation with piecewise constant arguments},
	Mrclass = {34K20},
	Mrnumber = {2680013 (2011g:34177)},
	Mrreviewer = {Christinah Chiyaka},
	Pages = {3179--3194},
	Title = {Global asymptotic stability beyond {$3/2$} type stability for a logistic equation with piecewise constant arguments},
	Volume = {73},
	Year = {2010},
	Bdsk-File-1 = {YnBsaXN0MDDUAQIDBAUIJidUJHRvcFgkb2JqZWN0c1gkdmVyc2lvblkkYXJjaGl2ZXLRBgdUcm9vdIABqAkKFRYXGyIjVSRudWxs0wsMDQ4RFFpOUy5vYmplY3RzV05TLmtleXNWJGNsYXNzog8QgASABqISE4ACgAOAB1lhbGlhc0RhdGFccmVsYXRpdmVQYXRo0hgNGRpXTlMuZGF0YU8RA0gAAAAAA0gAAgAADE1hY2ludG9zaCBIRAAAAAAAAAAAAAAAAAAAAMq5p9RIKwAAAClbIx8yMDEwX05BVE1BX0dsb2JhbCBhcyMyOTYwREQucGRmAAAAAAAAAAAAAAAAAAAAAAAAAAAAAAAAAAAAAAAAAAAAKWDdzKwbFAAAAAAAAAAAAAEAAgAACSAAAAAAAAAAAAAAAAAAAAADYmliAAAQAAgAAMq5N1QAAAARAAgAAMyrqpQAAAABABwAKVsjACfzHAApYpIACx6QAAUe4AAFHt8AAMAjAAIAcE1hY2ludG9zaCBIRDpVc2VyczoAbWFndW9jaHVuOgBEb2N1bWVudHM6AL/G0dDC287EOgDT68nqwM/KprrP1/c6AMqx1s23vbPMOgBiaWI6ADIwMTBfTkFUTUFfR2xvYmFsIGFzIzI5NjBERC5wZGYADgD+AH4AMgAwADEAMABfAE4AQQBUAE0AQQBfAEcAbABvAGIAYQBsACAAYQBzAHkAbQBwAHQAbwB0AGkAYwAgAHMAdABhAGIAaQBsAGkAdAB5ACAAYgBlAHkAbwBuAGQAIAAzAF8AMgAgAHQAeQBwAGUAIABzAHQAYQBiAGkAbABpAHQAeQAgAGYAbwByACAAYQAgAGwAbwBnAGkAcwB0AGkAYwAgAGUAcQB1AGEAdABpAG8AbgAgAHcAaQB0AGgAIABwAGkAZQBjAGUAdwBpAHMAZQAgAGMAbwBuAHMAdABhAG4AdAAgAGEAcgBnAHUAbQBlAG4AdABzAC4AcABkAGYADwAaAAwATQBhAGMAaQBuAHQAbwBzAGgAIABIAEQAEgDJVXNlcnMvbWFndW9jaHVuL0RvY3VtZW50cy/np5HnoJTorrrmlocv5LiO55Sz6ICB5biI5ZCI5L2cL+aXtua7nuaWueeoiy9iaWIvMjAxMF9OQVRNQV9HbG9iYWwgYXN5bXB0b3RpYyBzdGFiaWxpdHkgYmV5b25kIDNfMiB0eXBlIHN0YWJpbGl0eSBmb3IgYSBsb2dpc3RpYyBlcXVhdGlvbiB3aXRoIHBpZWNld2lzZSBjb25zdGFudCBhcmd1bWVudHMucGRmAAATAAEvAAAVAAIAEP//AACABdIcHR4fWCRjbGFzc2VzWiRjbGFzc25hbWWjHyAhXU5TTXV0YWJsZURhdGFWTlNEYXRhWE5TT2JqZWN0XxCFLi4vYmliLzIwMTBfTkFUTUFfR2xvYmFsIGFzeW1wdG90aWMgc3RhYmlsaXR5IGJleW9uZCAzXzIgdHlwZSBzdGFiaWxpdHkgZm9yIGEgbG9naXN0aWMgZXF1YXRpb24gd2l0aCBwaWVjZXdpc2UgY29uc3RhbnQgYXJndW1lbnRzLnBkZtIcHSQloiUhXE5TRGljdGlvbmFyeRIAAYagXxAPTlNLZXllZEFyY2hpdmVyAAgAEQAWAB8AKAAyADUAOgA8AEUASwBSAF0AZQBsAG8AcQBzAHYAeAB6AHwAhgCTAJgAoAPsA+4D8wP8BAcECwQZBCAEKQSxBLYEuQTGBMsAAAAAAAACAQAAAAAAAAAoAAAAAAAAAAAAAAAAAAAE3Q==},
	Bdsk-Url-1 = {http://dx.doi.org/10.1016/j.na.2010.06.081}}

@article{2009_zhang_MR2537726,
	Author = {Zhang, Chunrui and Zheng, Baodong and Zhang, Yazhuo},
	Date-Modified = {2012-10-24 03:14:23 +0000},
	Fjournal = {International Journal of Bifurcation and Chaos in Applied Sciences and Engineering},
	Issn = {0218-1274},
	Journal = {Internat. J. Bifur. Chaos Appl. Sci. Engrg.},
	Keywords = {Stability and bifurcation; a logistic equation with piecewise constant arguments},
	Mrclass = {34K18 (34K20 37G15)},
	Mrnumber = {2537726},
	Pages = {1373--1379},
	Title = {Stability and bifurcation in a logistic equation with piecewise constant arguments},
	Volume = {19},
	Year = {2009},
	Bdsk-File-1 = {YnBsaXN0MDDUAQIDBAUIJidUJHRvcFgkb2JqZWN0c1gkdmVyc2lvblkkYXJjaGl2ZXLRBgdUcm9vdIABqAkKFRYXGyIjVSRudWxs0wsMDQ4RFFpOUy5vYmplY3RzV05TLmtleXNWJGNsYXNzog8QgASABqISE4ACgAOAB1lhbGlhc0RhdGFccmVsYXRpdmVQYXRo0hgNGRpXTlMuZGF0YU8RAvYAAAAAAvYAAgAADE1hY2ludG9zaCBIRAAAAAAAAAAAAAAAAAAAAMq5p9RIKwAAAClbIx8yMDA5X0lKQkNBU0VfU3RhYmlsaSMyOTYwQzgucGRmAAAAAAAAAAAAAAAAAAAAAAAAAAAAAAAAAAAAAAAAAAAAKWDIzKxezAAAAAAAAAAAAAEAAgAACSAAAAAAAAAAAAAAAAAAAAADYmliAAAQAAgAAMq5N1QAAAARAAgAAMyr7kwAAAABABwAKVsjACfzHAApYpIACx6QAAUe4AAFHt8AAMAjAAIAcE1hY2ludG9zaCBIRDpVc2VyczoAbWFndW9jaHVuOgBEb2N1bWVudHM6AL/G0dDC287EOgDT68nqwM/KprrP1/c6AMqx1s23vbPMOgBiaWI6ADIwMDlfSUpCQ0FTRV9TdGFiaWxpIzI5NjBDOC5wZGYADgDIAGMAMgAwADAAOQBfAEkASgBCAEMAQQBTAEUAXwBTAHQAYQBiAGkAbABpAHQAeQAgAGEAbgBkACAAYgBpAGYAdQByAGMAYQB0AGkAbwBuACAAaQBuACAAYQAgAGwAbwBnAGkAcwB0AGkAYwAgAGUAcQB1AGEAdABpAG8AbgAgAHcAaQB0AGgAIABwAGkAZQBjAGUAdwBpAHMAZQAgAGMAbwBuAHMAdABhAG4AdAAgAGEAcgBnAHUAbQBlAG4AdABzAC4AcABkAGYADwAaAAwATQBhAGMAaQBuAHQAbwBzAGgAIABIAEQAEgCuVXNlcnMvbWFndW9jaHVuL0RvY3VtZW50cy/np5HnoJTorrrmlocv5LiO55Sz6ICB5biI5ZCI5L2cL+aXtua7nuaWueeoiy9iaWIvMjAwOV9JSkJDQVNFX1N0YWJpbGl0eSBhbmQgYmlmdXJjYXRpb24gaW4gYSBsb2dpc3RpYyBlcXVhdGlvbiB3aXRoIHBpZWNld2lzZSBjb25zdGFudCBhcmd1bWVudHMucGRmABMAAS8AABUAAgAQ//8AAIAF0hwdHh9YJGNsYXNzZXNaJGNsYXNzbmFtZaMfICFdTlNNdXRhYmxlRGF0YVZOU0RhdGFYTlNPYmplY3RfEGouLi9iaWIvMjAwOV9JSkJDQVNFX1N0YWJpbGl0eSBhbmQgYmlmdXJjYXRpb24gaW4gYSBsb2dpc3RpYyBlcXVhdGlvbiB3aXRoIHBpZWNld2lzZSBjb25zdGFudCBhcmd1bWVudHMucGRm0hwdJCWiJSFcTlNEaWN0aW9uYXJ5EgABhqBfEA9OU0tleWVkQXJjaGl2ZXIACAARABYAHwAoADIANQA6ADwARQBLAFIAXQBlAGwAbwBxAHMAdgB4AHoAfACGAJMAmACgA5oDnAOhA6oDtQO5A8cDzgPXBEQESQRMBFkEXgAAAAAAAAIBAAAAAAAAACgAAAAAAAAAAAAAAAAAAARw},
	Bdsk-Url-1 = {http://dx.doi.org/10.1142/S0218127409023706}}

@article{2009_li_R2451705,
	Author = {Li, Huaixing and Muroya, Y. and Yuan, Rong},
	Date-Modified = {2012-10-24 03:16:40 +0000},
	Fjournal = {Nonlinear Analysis. Real World Applications. An International Multidisciplinary Journal},
	Issn = {1468-1218},
	Journal = {Nonlinear Anal. Real World Appl.},
	Keywords = {global stability; a logistic equation with piecewise constant delay},
	Mrclass = {34K20 (34D23 92D25)},
	Mrnumber = {2451705 (2010g:34175)},
	Pages = {244--253},
	Title = {A sufficient condition for the global asymptotic stability of a class of logistic equations with piecewise constant delay},
	Volume = {10},
	Year = {2009},
	Bdsk-File-1 = {YnBsaXN0MDDUAQIDBAUIJidUJHRvcFgkb2JqZWN0c1gkdmVyc2lvblkkYXJjaGl2ZXLRBgdUcm9vdIABqAkKFRYXGyIjVSRudWxs0wsMDQ4RFFpOUy5vYmplY3RzV05TLmtleXNWJGNsYXNzog8QgASABqISE4ACgAOAB1lhbGlhc0RhdGFccmVsYXRpdmVQYXRo0hgNGRpXTlMuZGF0YU8RA2YAAAAAA2YAAgAADE1hY2ludG9zaCBIRAAAAAAAAAAAAAAAAAAAAMq5p9RIKwAAAClbIx8yMDA5X05BUldBX0Egc3VmZmljaSMyOTYwQzkucGRmAAAAAAAAAAAAAAAAAAAAAAAAAAAAAAAAAAAAAAAAAAAAKWDJzKxcngAAAAAAAAAAAAEAAgAACSAAAAAAAAAAAAAAAAAAAAADYmliAAAQAAgAAMq5N1QAAAARAAgAAMyr7B4AAAABABwAKVsjACfzHAApYpIACx6QAAUe4AAFHt8AAMAjAAIAcE1hY2ludG9zaCBIRDpVc2VyczoAbWFndW9jaHVuOgBEb2N1bWVudHM6AL/G0dDC287EOgDT68nqwM/KprrP1/c6AMqx1s23vbPMOgBiaWI6ADIwMDlfTkFSV0FfQSBzdWZmaWNpIzI5NjBDOS5wZGYADgESAIgAMgAwADAAOQBfAE4AQQBSAFcAQQBfAEEAIABzAHUAZgBmAGkAYwBpAGUAbgB0ACAAYwBvAG4AZABpAHQAaQBvAG4AIABmAG8AcgAgAHQAaABlACAAZwBsAG8AYgBhAGwAIABhAHMAeQBtAHAAdABvAHQAaQBjACAAcwB0AGEAYgBpAGwAaQB0AHkAIABvAGYAIABhACAAYwBsAGEAcwBzACAAbwBmACAAbABvAGcAaQBzAHQAaQBjACAAZQBxAHUAYQB0AGkAbwBuAHMAIAB3AGkAdABoACAAcABpAGUAYwBlAHcAaQBzAGUAIABjAG8AbgBzAHQAYQBuAHQAIABkAGUAbABhAHkALgBwAGQAZgAPABoADABNAGEAYwBpAG4AdABvAHMAaAAgAEgARAASANNVc2Vycy9tYWd1b2NodW4vRG9jdW1lbnRzL+enkeeglOiuuuaWhy/kuI7nlLPogIHluIjlkIjkvZwv5pe25rue5pa556iLL2JpYi8yMDA5X05BUldBX0Egc3VmZmljaWVudCBjb25kaXRpb24gZm9yIHRoZSBnbG9iYWwgYXN5bXB0b3RpYyBzdGFiaWxpdHkgb2YgYSBjbGFzcyBvZiBsb2dpc3RpYyBlcXVhdGlvbnMgd2l0aCBwaWVjZXdpc2UgY29uc3RhbnQgZGVsYXkucGRmAAATAAEvAAAVAAIAEP//AACABdIcHR4fWCRjbGFzc2VzWiRjbGFzc25hbWWjHyAhXU5TTXV0YWJsZURhdGFWTlNEYXRhWE5TT2JqZWN0XxCPLi4vYmliLzIwMDlfTkFSV0FfQSBzdWZmaWNpZW50IGNvbmRpdGlvbiBmb3IgdGhlIGdsb2JhbCBhc3ltcHRvdGljIHN0YWJpbGl0eSBvZiBhIGNsYXNzIG9mIGxvZ2lzdGljIGVxdWF0aW9ucyB3aXRoIHBpZWNld2lzZSBjb25zdGFudCBkZWxheS5wZGbSHB0kJaIlIVxOU0RpY3Rpb25hcnkSAAGGoF8QD05TS2V5ZWRBcmNoaXZlcgAIABEAFgAfACgAMgA1ADoAPABFAEsAUgBdAGUAbABvAHEAcwB2AHgAegB8AIYAkwCYAKAECgQMBBEEGgQlBCkENwQ+BEcE2QTeBOEE7gTzAAAAAAAAAgEAAAAAAAAAKAAAAAAAAAAAAAAAAAAABQU=},
	Bdsk-Url-1 = {http://dx.doi.org/10.1016/j.nonrwa.2007.09.006}}

@article{2006_wang_MR2310516,
	Author = {Wang, Zhicheng and Wu, Jun},
	Date-Modified = {2012-10-24 03:17:37 +0000},
	Fjournal = {Differential Equations and Dynamical Systems. An International Journal for Theory, Applications, and Computer Simulations},
	Issn = {0971-3514},
	Journal = {Differential Equations Dynam. Systems},
	Keywords = {a logistic equation with piecewise constant arguments},
	Mrclass = {34K20},
	Mrnumber = {2310516 (2008a:34194)},
	Mrreviewer = {Leonid E. Shaikhet},
	Pages = {179--193},
	Title = {The stability in a logistic equation with piecewise constant arguments},
	Volume = {14},
	Year = {2006}}

@article{2005_hu_MR2168581,
	Author = {Hu, Zongyi and Wang, Zhicheng and Wu, Jun},
	Coden = {DCDIS},
	Date-Modified = {2012-10-24 03:17:57 +0000},
	Fjournal = {Dynamics of Continuous, Discrete \& Impulsive Systems. Series A. Mathematical Analysis},
	Issn = {1201-3390},
	Journal = {Dyn. Contin. Discrete Impuls. Syst. Ser. A Math. Anal.},
	Keywords = {a logistic equation with piecewise constant arguments},
	Mrclass = {34K20 (92D25)},
	Mrnumber = {2168581 (2006g:34172)},
	Mrreviewer = {Rui Xu},
	Pages = {607--619},
	Title = {The stability for a delay logistic equation with piecewise constant argument},
	Volume = {12},
	Year = {2005},
	Bdsk-File-1 = {YnBsaXN0MDDUAQIDBAUIJidUJHRvcFgkb2JqZWN0c1gkdmVyc2lvblkkYXJjaGl2ZXLRBgdUcm9vdIABqAkKFRYXGyIjVSRudWxs0wsMDQ4RFFpOUy5vYmplY3RzV05TLmtleXNWJGNsYXNzog8QgASABqISE4ACgAOAB1lhbGlhc0RhdGFccmVsYXRpdmVQYXRo0hgNGRpXTlMuZGF0YU8RAuQAAAAAAuQAAgAADE1hY2ludG9zaCBIRAAAAAAAAAAAAAAAAAAAAMq5p9RIKwAAAClbIx8yMDA1X0RDRElTX0FfVGhlIHN0YSMyOTYwRDcucGRmAAAAAAAAAAAAAAAAAAAAAAAAAAAAAAAAAAAAAAAAAAAAKWDXzKwzqgAAAAAAAAAAAAEAAgAACSAAAAAAAAAAAAAAAAAAAAADYmliAAAQAAgAAMq5N1QAAAARAAgAAMyrwyoAAAABABwAKVsjACfzHAApYpIACx6QAAUe4AAFHt8AAMAjAAIAcE1hY2ludG9zaCBIRDpVc2VyczoAbWFndW9jaHVuOgBEb2N1bWVudHM6AL/G0dDC287EOgDT68nqwM/KprrP1/c6AMqx1s23vbPMOgBiaWI6ADIwMDVfRENESVNfQV9UaGUgc3RhIzI5NjBENy5wZGYADgC8AF0AMgAwADAANQBfAEQAQwBEAEkAUwBfAEEAXwBUAGgAZQAgAHMAdABhAGIAaQBsAGkAdAB5ACAAZgBvAHIAIABhACAAZABlAGwAYQB5ACAAbABvAGcAaQBzAHQAaQBjACAAZQBxAHUAYQB0AGkAbwBuACAAdwBpAHQAaAAgAHAAaQBlAGMAZQB3AGkAcwBlACAAYwBvAG4AcwB0AGEAbgB0ACAAYQByAGcAdQBtAGUAbgB0AC4AcABkAGYADwAaAAwATQBhAGMAaQBuAHQAbwBzAGgAIABIAEQAEgCoVXNlcnMvbWFndW9jaHVuL0RvY3VtZW50cy/np5HnoJTorrrmlocv5LiO55Sz6ICB5biI5ZCI5L2cL+aXtua7nuaWueeoiy9iaWIvMjAwNV9EQ0RJU19BX1RoZSBzdGFiaWxpdHkgZm9yIGEgZGVsYXkgbG9naXN0aWMgZXF1YXRpb24gd2l0aCBwaWVjZXdpc2UgY29uc3RhbnQgYXJndW1lbnQucGRmABMAAS8AABUAAgAQ//8AAIAF0hwdHh9YJGNsYXNzZXNaJGNsYXNzbmFtZaMfICFdTlNNdXRhYmxlRGF0YVZOU0RhdGFYTlNPYmplY3RfEGQuLi9iaWIvMjAwNV9EQ0RJU19BX1RoZSBzdGFiaWxpdHkgZm9yIGEgZGVsYXkgbG9naXN0aWMgZXF1YXRpb24gd2l0aCBwaWVjZXdpc2UgY29uc3RhbnQgYXJndW1lbnQucGRm0hwdJCWiJSFcTlNEaWN0aW9uYXJ5EgABhqBfEA9OU0tleWVkQXJjaGl2ZXIACAARABYAHwAoADIANQA6ADwARQBLAFIAXQBlAGwAbwBxAHMAdgB4AHoAfACGAJMAmACgA4gDigOPA5gDowOnA7UDvAPFBCwEMQQ0BEEERgAAAAAAAAIBAAAAAAAAACgAAAAAAAAAAAAAAAAAAARY}}

@incollection{2004_li_MR2089612,
	Address = {Providence, RI},
	Author = {Li, Xuecheng and Wang, Zhicheng},
	Booktitle = {Differences and differential equations},
	Date-Modified = {2012-10-24 03:18:25 +0000},
	Keywords = {a logistic equation with piecewise constant arguments},
	Mrclass = {34K20 (34K25)},
	Mrnumber = {2089612 (2007b:34186)},
	Pages = {215--222},
	Publisher = {Amer. Math. Soc.},
	Series = {Fields Inst. Commun.},
	Title = {Global attractivity for a logistic equation with piecewise constant arguments},
	Volume = {42},
	Year = {2004}}

@article{2005_uesugi_MR2061343,
	Author = {Uesugi, Kazuya and Muroya, Yoshiaki and Ishiwata, Emiko},
	Coden = {JMANAK},
	Date-Modified = {2012-10-24 03:18:50 +0000},
	Fjournal = {Journal of Mathematical Analysis and Applications},
	Issn = {0022-247X},
	Journal = {J. Math. Anal. Appl.},
	Keywords = {global attractivity;a logistic equation with piecewise constant arguments},
	Mrclass = {34K20 (92D25)},
	Mrnumber = {2061343 (2005a:34107)},
	Mrreviewer = {K. E. Swick},
	Pages = {560--580},
	Title = {On the global attractivity for a logistic equation with piecewise constant arguments},
	Volume = {294},
	Year = {2004},
	Bdsk-File-1 = {YnBsaXN0MDDUAQIDBAUIJidUJHRvcFgkb2JqZWN0c1gkdmVyc2lvblkkYXJjaGl2ZXLRBgdUcm9vdIABqAkKFRYXGyIjVSRudWxs0wsMDQ4RFFpOUy5vYmplY3RzV05TLmtleXNWJGNsYXNzog8QgASABqISE4ACgAOAB1lhbGlhc0RhdGFccmVsYXRpdmVQYXRo0hgNGRpXTlMuZGF0YU8RAvQAAAAAAvQAAgAADE1hY2ludG9zaCBIRAAAAAAAAAAAAAAAAAAAAMq5p9RIKwAAAClbIx8yMDA0X0pNQUFfT24gdGhlIGdsbyMyOTYwRDUucGRmAAAAAAAAAAAAAAAAAAAAAAAAAAAAAAAAAAAAAAAAAAAAKWDVzKwYfgAAAAAAAAAAAAEAAgAACSAAAAAAAAAAAAAAAAAAAAADYmliAAAQAAgAAMq5N1QAAAARAAgAAMyrp/4AAAABABwAKVsjACfzHAApYpIACx6QAAUe4AAFHt8AAMAjAAIAcE1hY2ludG9zaCBIRDpVc2VyczoAbWFndW9jaHVuOgBEb2N1bWVudHM6AL/G0dDC287EOgDT68nqwM/KprrP1/c6AMqx1s23vbPMOgBiaWI6ADIwMDRfSk1BQV9PbiB0aGUgZ2xvIzI5NjBENS5wZGYADgDGAGIAMgAwADAANABfAEoATQBBAEEAXwBPAG4AIAB0AGgAZQAgAGcAbABvAGIAYQBsACAAYQB0AHQAcgBhAGMAdABpAHYAaQB0AHkAIABmAG8AcgAgAGEAIABsAG8AZwBpAHMAdABpAGMAIABlAHEAdQBhAHQAaQBvAG4AIAB3AGkAdABoACAAcABpAGUAYwBlAHcAaQBzAGUAIABjAG8AbgBzAHQAYQBuAHQAIABhAHIAZwB1AG0AZQBuAHQAcwAuAHAAZABmAA8AGgAMAE0AYQBjAGkAbgB0AG8AcwBoACAASABEABIArVVzZXJzL21hZ3VvY2h1bi9Eb2N1bWVudHMv56eR56CU6K665paHL+S4jueUs+iAgeW4iOWQiOS9nC/ml7bmu57mlrnnqIsvYmliLzIwMDRfSk1BQV9PbiB0aGUgZ2xvYmFsIGF0dHJhY3Rpdml0eSBmb3IgYSBsb2dpc3RpYyBlcXVhdGlvbiB3aXRoIHBpZWNld2lzZSBjb25zdGFudCBhcmd1bWVudHMucGRmAAATAAEvAAAVAAIAEP//AACABdIcHR4fWCRjbGFzc2VzWiRjbGFzc25hbWWjHyAhXU5TTXV0YWJsZURhdGFWTlNEYXRhWE5TT2JqZWN0XxBpLi4vYmliLzIwMDRfSk1BQV9PbiB0aGUgZ2xvYmFsIGF0dHJhY3Rpdml0eSBmb3IgYSBsb2dpc3RpYyBlcXVhdGlvbiB3aXRoIHBpZWNld2lzZSBjb25zdGFudCBhcmd1bWVudHMucGRm0hwdJCWiJSFcTlNEaWN0aW9uYXJ5EgABhqBfEA9OU0tleWVkQXJjaGl2ZXIACAARABYAHwAoADIANQA6ADwARQBLAFIAXQBlAGwAbwBxAHMAdgB4AHoAfACGAJMAmACgA5gDmgOfA6gDswO3A8UDzAPVBEEERgRJBFYEWwAAAAAAAAIBAAAAAAAAACgAAAAAAAAAAAAAAAAAAARt},
	Bdsk-Url-1 = {http://dx.doi.org/10.1016/j.jmaa.2004.02.031}}

@article{2003_muroya_MR1962027,
	Author = {Muroya, Yoshiaki},
	Coden = {HMAJDN},
	Date-Modified = {2012-10-24 03:19:39 +0000},
	Fjournal = {Hokkaido Mathematical Journal},
	Issn = {0385-4035},
	Journal = {Hokkaido Math. J.},
	Keywords = {Global stability;a logistic equation with piecewise constant arguments},
	Mrclass = {34K20},
	Mrnumber = {1962027 (2004b:34186)},
	Pages = {75--83},
	Title = {A sufficient condition on global stability in a logistic equation with piecewise constant arguments},
	Volume = {32},
	Year = {2003},
	Bdsk-File-1 = {YnBsaXN0MDDUAQIDBAUIJidUJHRvcFgkb2JqZWN0c1gkdmVyc2lvblkkYXJjaGl2ZXLRBgdUcm9vdIABqAkKFRYXGyIjVSRudWxs0wsMDQ4RFFpOUy5vYmplY3RzV05TLmtleXNWJGNsYXNzog8QgASABqISE4ACgAOAB1lhbGlhc0RhdGFccmVsYXRpdmVQYXRo0hgNGRpXTlMuZGF0YU8RAx4AAAAAAx4AAgAADE1hY2ludG9zaCBIRAAAAAAAAAAAAAAAAAAAAMq5p9RIKwAAAClbIx8yMDAzX0hNSl9BIHN1ZmZpY2llbiMyOTYwRDQucGRmAAAAAAAAAAAAAAAAAAAAAAAAAAAAAAAAAAAAAAAAAAAAKWDUzKw/eAAAAAAAAAAAAAEAAgAACSAAAAAAAAAAAAAAAAAAAAADYmliAAAQAAgAAMq5N1QAAAARAAgAAMyrzvgAAAABABwAKVsjACfzHAApYpIACx6QAAUe4AAFHt8AAMAjAAIAcE1hY2ludG9zaCBIRDpVc2VyczoAbWFndW9jaHVuOgBEb2N1bWVudHM6AL/G0dDC287EOgDT68nqwM/KprrP1/c6AMqx1s23vbPMOgBiaWI6ADIwMDNfSE1KX0Egc3VmZmljaWVuIzI5NjBENC5wZGYADgDiAHAAMgAwADAAMwBfAEgATQBKAF8AQQAgAHMAdQBmAGYAaQBjAGkAZQBuAHQAIABjAG8AbgBkAGkAdABpAG8AbgAgAG8AbgAgAGcAbABvAGIAYQBsACAAcwB0AGEAYgBpAGwAaQB0AHkAIABpAG4AIABhACAAbABvAGcAaQBzAHQAaQBjACAAZQBxAHUAYQB0AGkAbwBuACAAdwBpAHQAaAAgAHAAaQBlAGMAZQB3AGkAcwBlACAAYwBvAG4AcwB0AGEAbgB0ACAAYQByAGcAdQBtAGUAbgB0AHMALgBwAGQAZgAPABoADABNAGEAYwBpAG4AdABvAHMAaAAgAEgARAASALtVc2Vycy9tYWd1b2NodW4vRG9jdW1lbnRzL+enkeeglOiuuuaWhy/kuI7nlLPogIHluIjlkIjkvZwv5pe25rue5pa556iLL2JpYi8yMDAzX0hNSl9BIHN1ZmZpY2llbnQgY29uZGl0aW9uIG9uIGdsb2JhbCBzdGFiaWxpdHkgaW4gYSBsb2dpc3RpYyBlcXVhdGlvbiB3aXRoIHBpZWNld2lzZSBjb25zdGFudCBhcmd1bWVudHMucGRmAAATAAEvAAAVAAIAEP//AACABdIcHR4fWCRjbGFzc2VzWiRjbGFzc25hbWWjHyAhXU5TTXV0YWJsZURhdGFWTlNEYXRhWE5TT2JqZWN0XxB3Li4vYmliLzIwMDNfSE1KX0Egc3VmZmljaWVudCBjb25kaXRpb24gb24gZ2xvYmFsIHN0YWJpbGl0eSBpbiBhIGxvZ2lzdGljIGVxdWF0aW9uIHdpdGggcGllY2V3aXNlIGNvbnN0YW50IGFyZ3VtZW50cy5wZGbSHB0kJaIlIVxOU0RpY3Rpb25hcnkSAAGGoF8QD05TS2V5ZWRBcmNoaXZlcgAIABEAFgAfACgAMgA1ADoAPABFAEsAUgBdAGUAbABvAHEAcwB2AHgAegB8AIYAkwCYAKADwgPEA8kD0gPdA+ED7wP2A/8EeQR+BIEEjgSTAAAAAAAAAgEAAAAAAAAAKAAAAAAAAAAAAAAAAAAABKU=}}

@article{2002_muroya_MR1916600,
	Author = {Muroya, Yoshiaki},
	Coden = {JMANAK},
	Date-Modified = {2012-10-24 03:20:38 +0000},
	Fjournal = {Journal of Mathematical Analysis and Applications},
	Issn = {0022-247X},
	Journal = {J. Math. Anal. Appl.},
	Keywords = {global stability; a logistic equation with piecewise constant delay},
	Mrclass = {34K20 (34K60 92D25)},
	Mrnumber = {1916600 (2003g:34162)},
	Mrreviewer = {Pierre Magal},
	Pages = {602--635},
	Title = {Persistence, contractivity and global stability in logistic equations with piecewise constant delays},
	Volume = {270},
	Year = {2002},
	Bdsk-File-1 = {YnBsaXN0MDDUAQIDBAUIJidUJHRvcFgkb2JqZWN0c1gkdmVyc2lvblkkYXJjaGl2ZXLRBgdUcm9vdIABqAkKFRYXGyIjVSRudWxs0wsMDQ4RFFpOUy5vYmplY3RzV05TLmtleXNWJGNsYXNzog8QgASABqISE4ACgAOAB1lhbGlhc0RhdGFccmVsYXRpdmVQYXRo0hgNGRpXTlMuZGF0YU8RAyQAAAAAAyQAAgAADE1hY2ludG9zaCBIRAAAAAAAAAAAAAAAAAAAAMq5p9RIKwAAAClbIx8yMDAyX0pNQUFfUGVyc2lzdGVuYyMyOTYwQzcucGRmAAAAAAAAAAAAAAAAAAAAAAAAAAAAAAAAAAAAAAAAAAAAKWDHzKxkjAAAAAAAAAAAAAEAAgAACSAAAAAAAAAAAAAAAAAAAAADYmliAAAQAAgAAMq5N1QAAAARAAgAAMyr9AwAAAABABwAKVsjACfzHAApYpIACx6QAAUe4AAFHt8AAMAjAAIAcE1hY2ludG9zaCBIRDpVc2VyczoAbWFndW9jaHVuOgBEb2N1bWVudHM6AL/G0dDC287EOgDT68nqwM/KprrP1/c6AMqx1s23vbPMOgBiaWI6ADIwMDJfSk1BQV9QZXJzaXN0ZW5jIzI5NjBDNy5wZGYADgDmAHIAMgAwADAAMgBfAEoATQBBAEEAXwBQAGUAcgBzAGkAcwB0AGUAbgBjAGUALAAgAGMAbwBuAHQAcgBhAGMAdABpAHYAaQB0AHkAIABhAG4AZAAgAGcAbABvAGIAYQBsACAAcwB0AGEAYgBpAGwAaQB0AHkAIABpAG4AIABsAG8AZwBpAHMAdABpAGMAIABlAHEAdQBhAHQAaQBvAG4AcwAgAHcAaQB0AGgAIABwAGkAZQBjAGUAdwBpAHMAZQAgAGMAbwBuAHMAdABhAG4AdAAgAGQAZQBsAGEAeQBzAC4AcABkAGYADwAaAAwATQBhAGMAaQBuAHQAbwBzAGgAIABIAEQAEgC9VXNlcnMvbWFndW9jaHVuL0RvY3VtZW50cy/np5HnoJTorrrmlocv5LiO55Sz6ICB5biI5ZCI5L2cL+aXtua7nuaWueeoiy9iaWIvMjAwMl9KTUFBX1BlcnNpc3RlbmNlLCBjb250cmFjdGl2aXR5IGFuZCBnbG9iYWwgc3RhYmlsaXR5IGluIGxvZ2lzdGljIGVxdWF0aW9ucyB3aXRoIHBpZWNld2lzZSBjb25zdGFudCBkZWxheXMucGRmAAATAAEvAAAVAAIAEP//AACABdIcHR4fWCRjbGFzc2VzWiRjbGFzc25hbWWjHyAhXU5TTXV0YWJsZURhdGFWTlNEYXRhWE5TT2JqZWN0XxB5Li4vYmliLzIwMDJfSk1BQV9QZXJzaXN0ZW5jZSwgY29udHJhY3Rpdml0eSBhbmQgZ2xvYmFsIHN0YWJpbGl0eSBpbiBsb2dpc3RpYyBlcXVhdGlvbnMgd2l0aCBwaWVjZXdpc2UgY29uc3RhbnQgZGVsYXlzLnBkZtIcHSQloiUhXE5TRGljdGlvbmFyeRIAAYagXxAPTlNLZXllZEFyY2hpdmVyAAgAEQAWAB8AKAAyADUAOgA8AEUASwBSAF0AZQBsAG8AcQBzAHYAeAB6AHwAhgCTAJgAoAPIA8oDzwPYA+MD5wP1A/wEBQSBBIYEiQSWBJsAAAAAAAACAQAAAAAAAAAoAAAAAAAAAAAAAAAAAAAErQ==},
	Bdsk-Url-1 = {http://dx.doi.org/10.1016/S0022-247X(02)00095-1}}

@article{2001_ni_MR1881865,
	Author = {Ni, Tao Yang and Fang, Ji Qian and Wang, Shou Song},
	Coden = {SSHXEQ},
	Date-Modified = {2012-10-24 03:21:50 +0000},
	Fjournal = {Journal of Biomathematics. Shengwu Shuxue Xuebao},
	Issn = {1001-9626},
	Journal = {J. Biomath.},
	Keywords = {Global stability; a logistic equation with piecewise constant arguments},
	Mrclass = {34K60 (34K20 92D25)},
	Mrnumber = {1881865 (2002m:34116)},
	Pages = {427--429},
	Title = {Stability for a logistic equation with piecewise constant arguments and putting},
	Volume = {16},
	Year = {2001},
	Bdsk-File-1 = {YnBsaXN0MDDUAQIDBAUIJidUJHRvcFgkb2JqZWN0c1gkdmVyc2lvblkkYXJjaGl2ZXLRBgdUcm9vdIABqAkKFRYXGyIjVSRudWxs0wsMDQ4RFFpOUy5vYmplY3RzV05TLmtleXNWJGNsYXNzog8QgASABqISE4ACgAOAB1lhbGlhc0RhdGFccmVsYXRpdmVQYXRo0hgNGRpXTlMuZGF0YU8RAlgAAAAAAlgAAgAADE1hY2ludG9zaCBIRAAAAAAAAAAAAAAAAAAAAMq5p9RIKwAAAClbIx4yMDAxX0pCTV++39PQt8XR+LXEIzI5NjBDQS5wZGYAAAAAAAAAAAAAAAAAAAAAAAAAAAAAAAAAAAAAAAAAAAAAKWDKzKxrfAAAAAAAAAAAAAEAAgAACSAAAAAAAAAAAAAAAAAAAAADYmliAAAQAAgAAMq5N1QAAAARAAgAAMyr+vwAAAABABwAKVsjACfzHAApYpIACx6QAAUe4AAFHt8AAMAjAAIAb01hY2ludG9zaCBIRDpVc2VyczoAbWFndW9jaHVuOgBEb2N1bWVudHM6AL/G0dDC287EOgDT68nqwM/KprrP1/c6AMqx1s23vbPMOgBiaWI6ADIwMDFfSkJNX77f09C3xdH4tcQjMjk2MENBLnBkZgAADgBKACQAMgAwADAAMQBfAEoAQgBNAF9Rd2cJZT5Re3aEUgZrtWX2bt4ATABvAGcAaQBzAHQAaQBjZbl6C3aEejNbmmAnAC4AcABkAGYADwAaAAwATQBhAGMAaQBuAHQAbwBzAGgAIABIAEQAEgCNVXNlcnMvbWFndW9jaHVuL0RvY3VtZW50cy/np5HnoJTorrrmlocv5LiO55Sz6ICB5biI5ZCI5L2cL+aXtua7nuaWueeoiy9iaWIvMjAwMV9KQk1f5YW35pyJ5pS+5YW755qE5YiG5q615pe25rueTG9naXN0aWPmlrnnqIvnmoTnqLPlrprmgKcucGRmAAATAAEvAAAVAAIAEP//AACABdIcHR4fWCRjbGFzc2VzWiRjbGFzc25hbWWjHyAhXU5TTXV0YWJsZURhdGFWTlNEYXRhWE5TT2JqZWN0bxArAC4ALgAvAGIAaQBiAC8AMgAwADAAMQBfAEoAQgBNAF9Rd2cJZT5Re3aEUgZrtWX2bt4ATABvAGcAaQBzAHQAaQBjZbl6C3aEejNbmmAnAC4AcABkAGbSHB0kJaIlIVxOU0RpY3Rpb25hcnkSAAGGoF8QD05TS2V5ZWRBcmNoaXZlcgAIABEAFgAfACgAMgA1ADoAPABFAEsAUgBdAGUAbABvAHEAcwB2AHgAegB8AIYAkwCYAKAC/AL+AwMDDAMXAxsDKQMwAzkDkgOXA5oDpwOsAAAAAAAAAgEAAAAAAAAAKAAAAAAAAAAAAAAAAAAAA74=}}

@article{2001_matsunaga_MR1828948,
	Author = {Matsunaga, Hideaki and Hara, Tadayuki and Sakata, Sadahisa},
	Coden = {NDEAFL},
	Date-Modified = {2012-10-24 03:21:06 +0000},
	Fjournal = {NoDEA. Nonlinear Differential Equations and Applications},
	Issn = {1021-9722},
	Journal = {NoDEA Nonlinear Differential Equations Appl.},
	Keywords = {Global attractivity; a logistic equation with piecewise constant arguments},
	Mrclass = {34K20 (34D45)},
	Mrnumber = {1828948 (2002a:34114)},
	Pages = {45--52},
	Title = {Global attractivity for a logistic equation with piecewise constant argument},
	Volume = {8},
	Year = {2001},
	Bdsk-File-1 = {YnBsaXN0MDDUAQIDBAUIJidUJHRvcFgkb2JqZWN0c1gkdmVyc2lvblkkYXJjaGl2ZXLRBgdUcm9vdIABqAkKFRYXGyIjVSRudWxs0wsMDQ4RFFpOUy5vYmplY3RzV05TLmtleXNWJGNsYXNzog8QgASABqISE4ACgAOAB1lhbGlhc0RhdGFccmVsYXRpdmVQYXRo0hgNGRpXTlMuZGF0YU8RAt4AAAAAAt4AAgAADE1hY2ludG9zaCBIRAAAAAAAAAAAAAAAAAAAAMq5p9RIKwAAAClbIx8yMDAxX05PREVBX0dsb2JhbCBhdCMyOTYwRDMucGRmAAAAAAAAAAAAAAAAAAAAAAAAAAAAAAAAAAAAAAAAAAAAKWDTzKwwlgAAAAAAAAAAAAEAAgAACSAAAAAAAAAAAAAAAAAAAAADYmliAAAQAAgAAMq5N1QAAAARAAgAAMyrwBYAAAABABwAKVsjACfzHAApYpIACx6QAAUe4AAFHt8AAMAjAAIAcE1hY2ludG9zaCBIRDpVc2VyczoAbWFndW9jaHVuOgBEb2N1bWVudHM6AL/G0dDC287EOgDT68nqwM/KprrP1/c6AMqx1s23vbPMOgBiaWI6ADIwMDFfTk9ERUFfR2xvYmFsIGF0IzI5NjBEMy5wZGYADgC4AFsAMgAwADAAMQBfAE4ATwBEAEUAQQBfAEcAbABvAGIAYQBsACAAYQB0AHQAcgBhAGMAdABpAHYAaQB0AHkAIABmAG8AcgAgAGEAIABsAG8AZwBpAHMAdABpAGMAIABlAHEAdQBhAHQAaQBvAG4AIAB3AGkAdABoACAAcABpAGUAYwBlAHcAaQBzAGUAIABjAG8AbgBzAHQAYQBuAHQAIABhAHIAZwB1AG0AZQBuAHQALgBwAGQAZgAPABoADABNAGEAYwBpAG4AdABvAHMAaAAgAEgARAASAKZVc2Vycy9tYWd1b2NodW4vRG9jdW1lbnRzL+enkeeglOiuuuaWhy/kuI7nlLPogIHluIjlkIjkvZwv5pe25rue5pa556iLL2JpYi8yMDAxX05PREVBX0dsb2JhbCBhdHRyYWN0aXZpdHkgZm9yIGEgbG9naXN0aWMgZXF1YXRpb24gd2l0aCBwaWVjZXdpc2UgY29uc3RhbnQgYXJndW1lbnQucGRmABMAAS8AABUAAgAQ//8AAIAF0hwdHh9YJGNsYXNzZXNaJGNsYXNzbmFtZaMfICFdTlNNdXRhYmxlRGF0YVZOU0RhdGFYTlNPYmplY3RfEGIuLi9iaWIvMjAwMV9OT0RFQV9HbG9iYWwgYXR0cmFjdGl2aXR5IGZvciBhIGxvZ2lzdGljIGVxdWF0aW9uIHdpdGggcGllY2V3aXNlIGNvbnN0YW50IGFyZ3VtZW50LnBkZtIcHSQloiUhXE5TRGljdGlvbmFyeRIAAYagXxAPTlNLZXllZEFyY2hpdmVyAAgAEQAWAB8AKAAyADUAOgA8AEUASwBSAF0AZQBsAG8AcQBzAHYAeAB6AHwAhgCTAJgAoAOCA4QDiQOSA50DoQOvA7YDvwQkBCkELAQ5BD4AAAAAAAACAQAAAAAAAAAoAAAAAAAAAAAAAAAAAAAEUA==},
	Bdsk-Url-1 = {http://dx.doi.org/10.1007/PL00001438}}

@article{1995_so_R1339824,
	Author = {So, Joseph W.-H. and Yu, J. S.},
	Coden = {HMAJDN},
	Date-Modified = {2012-10-24 03:22:38 +0000},
	Fjournal = {Hokkaido Mathematical Journal},
	Issn = {0385-4035},
	Journal = {Hokkaido Math. J.},
	Keywords = {Global stability;a logistic equation with piecewise constant arguments},
	Mrclass = {34K20},
	Mrnumber = {1339824 (96f:34113)},
	Mrreviewer = {Binggen Zhang},
	Pages = {269--286},
	Title = {Global stability in a logistic equation with piecewise constant arguments},
	Volume = {24},
	Year = {1995},
	Bdsk-File-1 = {YnBsaXN0MDDUAQIDBAUIJidUJHRvcFgkb2JqZWN0c1gkdmVyc2lvblkkYXJjaGl2ZXLRBgdUcm9vdIABqAkKFRYXGyIjVSRudWxs0wsMDQ4RFFpOUy5vYmplY3RzV05TLmtleXNWJGNsYXNzog8QgASABqISE4ACgAOAB1lhbGlhc0RhdGFccmVsYXRpdmVQYXRo0hgNGRpXTlMuZGF0YU8RAtAAAAAAAtAAAgAADE1hY2ludG9zaCBIRAAAAAAAAAAAAAAAAAAAAMq5p9RIKwAAAClbIx8xOTk1X0hNSl9HbG9iYWwgc3RhYiMyOTYwRDAucGRmAAAAAAAAAAAAAAAAAAAAAAAAAAAAAAAAAAAAAAAAAAAAKWDQzKw/TAAAAAAAAAAAAAEAAgAACSAAAAAAAAAAAAAAAAAAAAADYmliAAAQAAgAAMq5N1QAAAARAAgAAMyrzswAAAABABwAKVsjACfzHAApYpIACx6QAAUe4AAFHt8AAMAjAAIAcE1hY2ludG9zaCBIRDpVc2VyczoAbWFndW9jaHVuOgBEb2N1bWVudHM6AL/G0dDC287EOgDT68nqwM/KprrP1/c6AMqx1s23vbPMOgBiaWI6ADE5OTVfSE1KX0dsb2JhbCBzdGFiIzI5NjBEMC5wZGYADgCuAFYAMQA5ADkANQBfAEgATQBKAF8ARwBsAG8AYgBhAGwAIABzAHQAYQBiAGkAbABpAHQAeQAgAGkAbgAgAGEAIABsAG8AZwBpAHMAdABpAGMAIABlAHEAdQBhAHQAaQBvAG4AIAB3AGkAdABoACAAcABpAGUAYwBlAHcAaQBzAGUAIABjAG8AbgBzAHQAYQBuAHQAIABhAHIAZwB1AG0AZQBuAHQAcwAuAHAAZABmAA8AGgAMAE0AYQBjAGkAbgB0AG8AcwBoACAASABEABIAoVVzZXJzL21hZ3VvY2h1bi9Eb2N1bWVudHMv56eR56CU6K665paHL+S4jueUs+iAgeW4iOWQiOS9nC/ml7bmu57mlrnnqIsvYmliLzE5OTVfSE1KX0dsb2JhbCBzdGFiaWxpdHkgaW4gYSBsb2dpc3RpYyBlcXVhdGlvbiB3aXRoIHBpZWNld2lzZSBjb25zdGFudCBhcmd1bWVudHMucGRmAAATAAEvAAAVAAIAEP//AACABdIcHR4fWCRjbGFzc2VzWiRjbGFzc25hbWWjHyAhXU5TTXV0YWJsZURhdGFWTlNEYXRhWE5TT2JqZWN0XxBdLi4vYmliLzE5OTVfSE1KX0dsb2JhbCBzdGFiaWxpdHkgaW4gYSBsb2dpc3RpYyBlcXVhdGlvbiB3aXRoIHBpZWNld2lzZSBjb25zdGFudCBhcmd1bWVudHMucGRm0hwdJCWiJSFcTlNEaWN0aW9uYXJ5EgABhqBfEA9OU0tleWVkQXJjaGl2ZXIACAARABYAHwAoADIANQA6ADwARQBLAFIAXQBlAGwAbwBxAHMAdgB4AHoAfACGAJMAmACgA3QDdgN7A4QDjwOTA6EDqAOxBBEEFgQZBCYEKwAAAAAAAAIBAAAAAAAAACgAAAAAAAAAAAAAAAAAAAQ9}}

@article{1991_gopalsamy_MR1079622,
	Author = {Gopalsamy, K. and Kulenovi{\'c}, M. R. S. and Ladas, G.},
	Date-Modified = {2012-10-24 03:23:40 +0000},
	Fjournal = {Differential and Integral Equations. An International Journal for Theory and Applications},
	Issn = {0893-4983},
	Journal = {Differential Integral Equations},
	Keywords = {a logistic equation with piecewise constant arguments},
	Mrclass = {92D40 (34K15 34K20)},
	Mrnumber = {1079622 (91m:92036)},
	Pages = {215--223},
	Title = {On a logistic equation with piecewise constant arguments},
	Volume = {4},
	Year = {1991}}

@article{2009_muroya_MR2481600,
	Author = {Muroya, Yoshiaki and Ishiwata, Emiko and Guglielmi, Nicola},
	Date-Modified = {2012-10-24 03:13:56 +0000},
	Fjournal = {Frontiers of Mathematics in China},
	Issn = {1673-3452},
	Journal = {Front. Math. China},
	Keywords = {global stability; difference equations},
	Mrclass = {39A30 (39A10)},
	Mrnumber = {2481600 (2010b:39021)},
	Mrreviewer = {Binggen Zhang},
	Pages = {131--154},
	Title = {New global stability conditions for a class of difference equations},
	Volume = {4},
	Year = {2009},
	Bdsk-File-1 = {YnBsaXN0MDDUAQIDBAUIJidUJHRvcFgkb2JqZWN0c1gkdmVyc2lvblkkYXJjaGl2ZXLRBgdUcm9vdIABqAkKFRYXGyIjVSRudWxs0wsMDQ4RFFpOUy5vYmplY3RzV05TLmtleXNWJGNsYXNzog8QgASABqISE4ACgAOAB1lhbGlhc0RhdGFccmVsYXRpdmVQYXRo0hgNGRpXTlMuZGF0YU8RAvAAAAAAAvAAAgAADE1hY2ludG9zaCBIRAAAAAAAAAAAAAAAAAAAAMq5p9RIKwAAAClbIx8yMDA4X0pNQUFfTmV3IGNvbnRyYSMyOTYwRDkucGRmAAAAAAAAAAAAAAAAAAAAAAAAAAAAAAAAAAAAAAAAAAAAKWDZzKwc6AAAAAAAAAAAAAEAAgAACSAAAAAAAAAAAAAAAAAAAAADYmliAAAQAAgAAMq5N1QAAAARAAgAAMyrrGgAAAABABwAKVsjACfzHAApYpIACx6QAAUe4AAFHt8AAMAjAAIAcE1hY2ludG9zaCBIRDpVc2VyczoAbWFndW9jaHVuOgBEb2N1bWVudHM6AL/G0dDC287EOgDT68nqwM/KprrP1/c6AMqx1s23vbPMOgBiaWI6ADIwMDhfSk1BQV9OZXcgY29udHJhIzI5NjBEOS5wZGYADgDEAGEAMgAwADAAOABfAEoATQBBAEEAXwBOAGUAdwAgAGMAbwBuAHQAcgBhAGMAdABpAHYAaQB0AHkAIABjAG8AbgBkAGkAdABpAG8AbgAgAGkAbgAgAGEAIABwAG8AcAB1AGwAYQB0AGkAbwBuACAAbQBvAGQAZQBsACAAdwBpAHQAaAAgAHAAaQBlAGMAZQB3AGkAcwBlACAAYwBvAG4AcwB0AGEAbgB0ACAAYQByAGcAdQBtAGUAbgB0AHMALgBwAGQAZgAPABoADABNAGEAYwBpAG4AdABvAHMAaAAgAEgARAASAKxVc2Vycy9tYWd1b2NodW4vRG9jdW1lbnRzL+enkeeglOiuuuaWhy/kuI7nlLPogIHluIjlkIjkvZwv5pe25rue5pa556iLL2JpYi8yMDA4X0pNQUFfTmV3IGNvbnRyYWN0aXZpdHkgY29uZGl0aW9uIGluIGEgcG9wdWxhdGlvbiBtb2RlbCB3aXRoIHBpZWNld2lzZSBjb25zdGFudCBhcmd1bWVudHMucGRmABMAAS8AABUAAgAQ//8AAIAF0hwdHh9YJGNsYXNzZXNaJGNsYXNzbmFtZaMfICFdTlNNdXRhYmxlRGF0YVZOU0RhdGFYTlNPYmplY3RfEGguLi9iaWIvMjAwOF9KTUFBX05ldyBjb250cmFjdGl2aXR5IGNvbmRpdGlvbiBpbiBhIHBvcHVsYXRpb24gbW9kZWwgd2l0aCBwaWVjZXdpc2UgY29uc3RhbnQgYXJndW1lbnRzLnBkZtIcHSQloiUhXE5TRGljdGlvbmFyeRIAAYagXxAPTlNLZXllZEFyY2hpdmVyAAgAEQAWAB8AKAAyADUAOgA8AEUASwBSAF0AZQBsAG8AcQBzAHYAeAB6AHwAhgCTAJgAoAOUA5YDmwOkA68DswPBA8gD0QQ8BEEERARRBFYAAAAAAAACAQAAAAAAAAAoAAAAAAAAAAAAAAAAAAAEaA==},
	Bdsk-Url-1 = {http://dx.doi.org/10.1007/s11464-009-0022-8}}

@article{2008_muroya_MR2428273,
	Author = {Muroya, Yoshiaki},
	Coden = {JMANAK},
	Date-Modified = {2012-10-24 03:15:36 +0000},
	Fjournal = {Journal of Mathematical Analysis and Applications},
	Issn = {0022-247X},
	Journal = {J. Math. Anal. Appl.},
	Keywords = {a population model; piecewise constant arguments},
	Mrclass = {34K12 (34D23 34K20)},
	Mrnumber = {2428273 (2009d:34167)},
	Mrreviewer = {Chuan Jun Tian},
        Pages = {65--81},
	Title = {New contractivity condition in a population model with piecewise constant arguments},
	Volume = {346},
	Year = {2008},
	Bdsk-File-1 = {YnBsaXN0MDDUAQIDBAUIJidUJHRvcFgkb2JqZWN0c1gkdmVyc2lvblkkYXJjaGl2ZXLRBgdUcm9vdIABqAkKFRYXGyIjVSRudWxs0wsMDQ4RFFpOUy5vYmplY3RzV05TLmtleXNWJGNsYXNzog8QgASABqISE4ACgAOAB1lhbGlhc0RhdGFccmVsYXRpdmVQYXRo0hgNGRpXTlMuZGF0YU8RAvAAAAAAAvAAAgAADE1hY2ludG9zaCBIRAAAAAAAAAAAAAAAAAAAAMq5p9RIKwAAAClbIx8yMDA4X0pNQUFfTmV3IGNvbnRyYSMyOTYwRDkucGRmAAAAAAAAAAAAAAAAAAAAAAAAAAAAAAAAAAAAAAAAAAAAKWDZzKwc6AAAAAAAAAAAAAEAAgAACSAAAAAAAAAAAAAAAAAAAAADYmliAAAQAAgAAMq5N1QAAAARAAgAAMyrrGgAAAABABwAKVsjACfzHAApYpIACx6QAAUe4AAFHt8AAMAjAAIAcE1hY2ludG9zaCBIRDpVc2VyczoAbWFndW9jaHVuOgBEb2N1bWVudHM6AL/G0dDC287EOgDT68nqwM/KprrP1/c6AMqx1s23vbPMOgBiaWI6ADIwMDhfSk1BQV9OZXcgY29udHJhIzI5NjBEOS5wZGYADgDEAGEAMgAwADAAOABfAEoATQBBAEEAXwBOAGUAdwAgAGMAbwBuAHQAcgBhAGMAdABpAHYAaQB0AHkAIABjAG8AbgBkAGkAdABpAG8AbgAgAGkAbgAgAGEAIABwAG8AcAB1AGwAYQB0AGkAbwBuACAAbQBvAGQAZQBsACAAdwBpAHQAaAAgAHAAaQBlAGMAZQB3AGkAcwBlACAAYwBvAG4AcwB0AGEAbgB0ACAAYQByAGcAdQBtAGUAbgB0AHMALgBwAGQAZgAPABoADABNAGEAYwBpAG4AdABvAHMAaAAgAEgARAASAKxVc2Vycy9tYWd1b2NodW4vRG9jdW1lbnRzL+enkeeglOiuuuaWhy/kuI7nlLPogIHluIjlkIjkvZwv5pe25rue5pa556iLL2JpYi8yMDA4X0pNQUFfTmV3IGNvbnRyYWN0aXZpdHkgY29uZGl0aW9uIGluIGEgcG9wdWxhdGlvbiBtb2RlbCB3aXRoIHBpZWNld2lzZSBjb25zdGFudCBhcmd1bWVudHMucGRmABMAAS8AABUAAgAQ//8AAIAF0hwdHh9YJGNsYXNzZXNaJGNsYXNzbmFtZaMfICFdTlNNdXRhYmxlRGF0YVZOU0RhdGFYTlNPYmplY3RfEGguLi9iaWIvMjAwOF9KTUFBX05ldyBjb250cmFjdGl2aXR5IGNvbmRpdGlvbiBpbiBhIHBvcHVsYXRpb24gbW9kZWwgd2l0aCBwaWVjZXdpc2UgY29uc3RhbnQgYXJndW1lbnRzLnBkZtIcHSQloiUhXE5TRGljdGlvbmFyeRIAAYagXxAPTlNLZXllZEFyY2hpdmVyAAgAEQAWAB8AKAAyADUAOgA8AEUASwBSAF0AZQBsAG8AcQBzAHYAeAB6AHwAhgCTAJgAoAOUA5YDmwOkA68DswPBA8gD0QQ8BEEERARRBFYAAAAAAAACAQAAAAAAAAAoAAAAAAAAAAAAAAAAAAAEaA==},
	Bdsk-Url-1 = {http://dx.doi.org/10.1016/j.jmaa.2008.05.025}}

@article{2008_li_MR2386489,
	Author = {Li, Huaixing and Yuan, Rong},
	Coden = {JMANAK},
	Date-Modified = {2012-10-24 03:16:17 +0000},
        Fjournal = {Journal of Mathematical Analysis and Applications},
	Issn = {0022-247X},
	Journal = {J. Math. Anal. Appl.},
	Keywords = {a population model},
	Mrclass = {34K20 (34D23 92D25)},
	Mrnumber = {2386489 (2009b:34239)},
	Mrreviewer = {Weiming Wang},
	 Pages = {1152--1168},
	Title = {An affirmative answer to {G}opalsamy and {L}iu's conjecture in a population model},
	Volume = {338},
	Year = {2008},
	Bdsk-File-1 = {YnBsaXN0MDDUAQIDBAUIJidUJHRvcFgkb2JqZWN0c1gkdmVyc2lvblkkYXJjaGl2ZXLRBgdUcm9vdIABqAkKFRYXGyIjVSRudWxs0wsMDQ4RFFpOUy5vYmplY3RzV05TLmtleXNWJGNsYXNzog8QgASABqISE4ACgAOAB1lhbGlhc0RhdGFccmVsYXRpdmVQYXRo0hgNGRpXTlMuZGF0YU8RAt4AAAAAAt4AAgAADE1hY2ludG9zaCBIRAAAAAAAAAAAAAAAAAAAAMq5p9RIKwAAAClbIx8yMDA4X0pNQUFfQW4gYWZmaXJtYSMyOTYwRDgucGRmAAAAAAAAAAAAAAAAAAAAAAAAAAAAAAAAAAAAAAAAAAAAKWDYzKwdqAAAAAAAAAAAAAEAAgAACSAAAAAAAAAAAAAAAAAAAAADYmliAAAQAAgAAMq5N1QAAAARAAgAAMyrrSgAAAABABwAKVsjACfzHAApYpIACx6QAAUe4AAFHt8AAMAjAAIAcE1hY2ludG9zaCBIRDpVc2VyczoAbWFndW9jaHVuOgBEb2N1bWVudHM6AL/G0dDC287EOgDT68nqwM/KprrP1/c6AMqx1s23vbPMOgBiaWI6ADIwMDhfSk1BQV9BbiBhZmZpcm1hIzI5NjBEOC5wZGYADgC4AFsAMgAwADAAOABfAEoATQBBAEEAXwBBAG4AIABhAGYAZgBpAHIAbQBhAHQAaQB2AGUAIABhAG4AcwB3AGUAcgAgAHQAbwAgAEcAbwBwAGEAbABzAGEAbQB5ACAAYQBuAGQAIABMAGkAdQAnAHMAIABjAG8AbgBqAGUAYwB0AHUAcgBlACAAaQBuACAAYQAgAHAAbwBwAHUAbABhAHQAaQBvAG4AIABtAG8AZABlAGwALgBwAGQAZgAPABoADABNAGEAYwBpAG4AdABvAHMAaAAgAEgARAASAKZVc2Vycy9tYWd1b2NodW4vRG9jdW1lbnRzL+enkeeglOiuuuaWhy/kuI7nlLPogIHluIjlkIjkvZwv5pe25rue5pa556iLL2JpYi8yMDA4X0pNQUFfQW4gYWZmaXJtYXRpdmUgYW5zd2VyIHRvIEdvcGFsc2FteSBhbmQgTGl1J3MgY29uamVjdHVyZSBpbiBhIHBvcHVsYXRpb24gbW9kZWwucGRmABMAAS8AABUAAgAQ//8AAIAF0hwdHh9YJGNsYXNzZXNaJGNsYXNzbmFtZaMfICFdTlNNdXRhYmxlRGF0YVZOU0RhdGFYTlNPYmplY3RfEGIuLi9iaWIvMjAwOF9KTUFBX0FuIGFmZmlybWF0aXZlIGFuc3dlciB0byBHb3BhbHNhbXkgYW5kIExpdSdzIGNvbmplY3R1cmUgaW4gYSBwb3B1bGF0aW9uIG1vZGVsLnBkZtIcHSQloiUhXE5TRGljdGlvbmFyeRIAAYagXxAPTlNLZXllZEFyY2hpdmVyAAgAEQAWAB8AKAAyADUAOgA8AEUASwBSAF0AZQBsAG8AcQBzAHYAeAB6AHwAhgCTAJgAoAOCA4QDiQOSA50DoQOvA7YDvwQkBCkELAQ5BD4AAAAAAAACAQAAAAAAAAAoAAAAAAAAAAAAAAAAAAAEUA==},
	Bdsk-Url-1 = {http://dx.doi.org/10.1016/j.jmaa.2007.05.081}}

@article{1996_chen_MR1403453,
	Author = {Chen, Ming-Po and Liu, Bing},
	Coden = {CMAPDK},
	Date-Modified = {2012-10-24 03:22:19 +0000},
	Fjournal = {Computers \& Mathematics with Applications. An International Journal},
	Issn = {0898-1221},
	Journal = {Comput. Math. Appl.},
	Keywords = {delay difference equations},
	Mrclass = {39A12},
	Mrnumber = {1403453 (97h:39013)},
	Mrreviewer = {E. Thandapani},
	 Pages = {9--13},
	Title = {Asymptotic behavior of solutions of first order nonlinear delay difference equations},
	Volume = {32},
	Year = {1996},
	Bdsk-File-1 = {YnBsaXN0MDDUAQIDBAUIJidUJHRvcFgkb2JqZWN0c1gkdmVyc2lvblkkYXJjaGl2ZXLRBgdUcm9vdIABqAkKFRYXGyIjVSRudWxs0wsMDQ4RFFpOUy5vYmplY3RzV05TLmtleXNWJGNsYXNzog8QgASABqISE4ACgAOAB1lhbGlhc0RhdGFccmVsYXRpdmVQYXRo0hgNGRpXTlMuZGF0YU8RAvAAAAAAAvAAAgAADE1hY2ludG9zaCBIRAAAAAAAAAAAAAAAAAAAAMq5p9RIKwAAAClbIx8xOTk2X0NNQV9Bc3ltcHRvdGljICMyOTYwRDEucGRmAAAAAAAAAAAAAAAAAAAAAAAAAAAAAAAAAAAAAAAAAAAAKWDRzKwdOAAAAAAAAAAAAAEAAgAACSAAAAAAAAAAAAAAAAAAAAADYmliAAAQAAgAAMq5N1QAAAARAAgAAMyrrLgAAAABABwAKVsjACfzHAApYpIACx6QAAUe4AAFHt8AAMAjAAIAcE1hY2ludG9zaCBIRDpVc2VyczoAbWFndW9jaHVuOgBEb2N1bWVudHM6AL/G0dDC287EOgDT68nqwM/KprrP1/c6AMqx1s23vbPMOgBiaWI6ADE5OTZfQ01BX0FzeW1wdG90aWMgIzI5NjBEMS5wZGYADgDEAGEAMQA5ADkANgBfAEMATQBBAF8AQQBzAHkAbQBwAHQAbwB0AGkAYwAgAGIAZQBoAGEAdgBpAG8AcgAgAG8AZgAgAHMAbwBsAHUAdABpAG8AbgBzACAAbwBmACAAZgBpAHIAcwB0ACAAbwByAGQAZQByACAAbgBvAG4AbABpAG4AZQBhAHIAIABkAGUAbABhAHkAIABkAGkAZgBmAGUAcgBlAG4AYwBlACAAZQBxAHUAYQB0AGkAbwBuAHMALgBwAGQAZgAPABoADABNAGEAYwBpAG4AdABvAHMAaAAgAEgARAASAKxVc2Vycy9tYWd1b2NodW4vRG9jdW1lbnRzL+enkeeglOiuuuaWhy/kuI7nlLPogIHluIjlkIjkvZwv5pe25rue5pa556iLL2JpYi8xOTk2X0NNQV9Bc3ltcHRvdGljIGJlaGF2aW9yIG9mIHNvbHV0aW9ucyBvZiBmaXJzdCBvcmRlciBub25saW5lYXIgZGVsYXkgZGlmZmVyZW5jZSBlcXVhdGlvbnMucGRmABMAAS8AABUAAgAQ//8AAIAF0hwdHh9YJGNsYXNzZXNaJGNsYXNzbmFtZaMfICFdTlNNdXRhYmxlRGF0YVZOU0RhdGFYTlNPYmplY3RfEGguLi9iaWIvMTk5Nl9DTUFfQXN5bXB0b3RpYyBiZWhhdmlvciBvZiBzb2x1dGlvbnMgb2YgZmlyc3Qgb3JkZXIgbm9ubGluZWFyIGRlbGF5IGRpZmZlcmVuY2UgZXF1YXRpb25zLnBkZtIcHSQloiUhXE5TRGljdGlvbmFyeRIAAYagXxAPTlNLZXllZEFyY2hpdmVyAAgAEQAWAB8AKAAyADUAOgA8AEUASwBSAF0AZQBsAG8AcQBzAHYAeAB6AHwAhgCTAJgAoAOUA5YDmwOkA68DswPBA8gD0QQ8BEEERARRBFYAAAAAAAACAQAAAAAAAAAoAAAAAAAAAAAAAAAAAAAEaA==},
	Bdsk-Url-1 = {http://dx.doi.org/10.1016/0898-1221(96)00119-8}}

@article{2000_muroya_MR1766942,
	Author = {Muroya, Yoshiaki},
	Coden = {JMANAK},
	Date-Modified = {2012-10-24 03:22:06 +0000},
	Fjournal = {Journal of Mathematical Analysis and Applications},
	Issn = {0022-247X},
	Journal = {J. Math. Anal. Appl.},
	Keywords = {one-dimensional delay differential equations},
	Mrclass = {34K20},
	Mrnumber = {1766942 (2002b:34121)},
	Mrreviewer = {Zhanyuan Hou},
	 Pages = {314--322},
	Title = {On {Y}oneyama's {$3/2$} stability theorems for one-dimensional delay differential equations},
	Volume = {247},
	Year = {2000},
	Bdsk-File-1 = {YnBsaXN0MDDUAQIDBAUIJidUJHRvcFgkb2JqZWN0c1gkdmVyc2lvblkkYXJjaGl2ZXLRBgdUcm9vdIABqAkKFRYXGyIjVSRudWxs0wsMDQ4RFFpOUy5vYmplY3RzV05TLmtleXNWJGNsYXNzog8QgASABqISE4ACgAOAB1lhbGlhc0RhdGFccmVsYXRpdmVQYXRo0hgNGRpXTlMuZGF0YU8RAvYAAAAAAvYAAgAADE1hY2ludG9zaCBIRAAAAAAAAAAAAAAAAAAAAMq5p9RIKwAAAClbIx8yMDAwX0pNQUFfT24gWW9uZXlhbSMyOTYwQzYucGRmAAAAAAAAAAAAAAAAAAAAAAAAAAAAAAAAAAAAAAAAAAAAKWDGzKxp3AAAAAAAAAAAAAEAAgAACSAAAAAAAAAAAAAAAAAAAAADYmliAAAQAAgAAMq5N1QAAAARAAgAAMyr+VwAAAABABwAKVsjACfzHAApYpIACx6QAAUe4AAFHt8AAMAjAAIAcE1hY2ludG9zaCBIRDpVc2VyczoAbWFndW9jaHVuOgBEb2N1bWVudHM6AL/G0dDC287EOgDT68nqwM/KprrP1/c6AMqx1s23vbPMOgBiaWI6ADIwMDBfSk1BQV9PbiBZb25leWFtIzI5NjBDNi5wZGYADgDIAGMAMgAwADAAMABfAEoATQBBAEEAXwBPAG4AIABZAG8AbgBlAHkAYQBtAGEAJwBzACAAMwAyACAAIABzAHQAYQBiAGkAbABpAHQAeQAgAHQAaABlAG8AcgBlAG0AcwAgAGYAbwByACAAbwBuAGUALQBkAGkAbQBlAG4AcwBpAG8AbgBhAGwAIABkAGUAbABhAHkAIABkAGkAZgBmAGUAcgBlAG4AdABpAGEAbAAgAGUAcQB1AGEAdABpAG8AbgBzAC4AcABkAGYADwAaAAwATQBhAGMAaQBuAHQAbwBzAGgAIABIAEQAEgCuVXNlcnMvbWFndW9jaHVuL0RvY3VtZW50cy/np5HnoJTorrrmlocv5LiO55Sz6ICB5biI5ZCI5L2cL+aXtua7nuaWueeoiy9iaWIvMjAwMF9KTUFBX09uIFlvbmV5YW1hJ3MgMzIgIHN0YWJpbGl0eSB0aGVvcmVtcyBmb3Igb25lLWRpbWVuc2lvbmFsIGRlbGF5IGRpZmZlcmVudGlhbCBlcXVhdGlvbnMucGRmABMAAS8AABUAAgAQ//8AAIAF0hwdHh9YJGNsYXNzZXNaJGNsYXNzbmFtZaMfICFdTlNNdXRhYmxlRGF0YVZOU0RhdGFYTlNPYmplY3RfEGouLi9iaWIvMjAwMF9KTUFBX09uIFlvbmV5YW1hJ3MgMzIgIHN0YWJpbGl0eSB0aGVvcmVtcyBmb3Igb25lLWRpbWVuc2lvbmFsIGRlbGF5IGRpZmZlcmVudGlhbCBlcXVhdGlvbnMucGRm0hwdJCWiJSFcTlNEaWN0aW9uYXJ5EgABhqBfEA9OU0tleWVkQXJjaGl2ZXIACAARABYAHwAoADIANQA6ADwARQBLAFIAXQBlAGwAbwBxAHMAdgB4AHoAfACGAJMAmACgA5oDnAOhA6oDtQO5A8cDzgPXBEQESQRMBFkEXgAAAAAAAAIBAAAAAAAAACgAAAAAAAAAAAAAAAAAAARw},
	Bdsk-Url-1 = {http://dx.doi.org/10.1006/jmaa.2000.6857}}

@article{1992_yoneyama_MR1151064,
	Author = {Yoneyama, Toshiaki},
	Coden = {JMANAK},
	Date-Modified = {2012-10-24 03:23:24 +0000},
        Fjournal = {Journal of Mathematical Analysis and Applications},
	Issn = {0022-247X},
	Journal = {J. Math. Anal. Appl.},
	Keywords = {The stability; one-dimensional delay-differential equations},
	Mrclass = {34K20},
	Mrnumber = {1151064 (94f:34158)},
        Pages = {133--143},
	Title = {The {$3/2$} stability theorem for one-dimensional delay-differential equations with unbounded delay},
	Volume = {165},
	Year = {1992},
	Bdsk-File-1 = {YnBsaXN0MDDUAQIDBAUIJidUJHRvcFgkb2JqZWN0c1gkdmVyc2lvblkkYXJjaGl2ZXLRBgdUcm9vdIABqAkKFRYXGyIjVSRudWxs0wsMDQ4RFFpOUy5vYmplY3RzV05TLmtleXNWJGNsYXNzog8QgASABqISE4ACgAOAB1lhbGlhc0RhdGFccmVsYXRpdmVQYXRo0hgNGRpXTlMuZGF0YU8RAwwAAAAAAwwAAgAADE1hY2ludG9zaCBIRAAAAAAAAAAAAAAAAAAAAMq5p9RIKwAAAClbIx8xOTkyX0pNTUFfVGhlICBzdGFiaSMyOTYwQzUucGRmAAAAAAAAAAAAAAAAAAAAAAAAAAAAAAAAAAAAAAAAAAAAKWDFzKxp0gAAAAAAAAAAAAEAAgAACSAAAAAAAAAAAAAAAAAAAAADYmliAAAQAAgAAMq5N1QAAAARAAgAAMyr+VIAAAABABwAKVsjACfzHAApYpIACx6QAAUe4AAFHt8AAMAjAAIAcE1hY2ludG9zaCBIRDpVc2VyczoAbWFndW9jaHVuOgBEb2N1bWVudHM6AL/G0dDC287EOgDT68nqwM/KprrP1/c6AMqx1s23vbPMOgBiaWI6ADE5OTJfSk1NQV9UaGUgIHN0YWJpIzI5NjBDNS5wZGYADgDWAGoAMQA5ADkAMgBfAEoATQBNAEEAXwBUAGgAZQAgACAAcwB0AGEAYgBpAGwAaQB0AHkAIAB0AGgAZQBvAHIAZQBtACAAZgBvAHIAIABvAG4AZQAtAGQAaQBtAGUAbgBzAGkAbwBuAGEAbAAgAGQAZQBsAGEAeQAtAGQAaQBmAGYAZQByAGUAbgB0AGkAYQBsACAAZQBxAHUAYQB0AGkAbwBuAHMAIAB3AGkAdABoACAAdQBuAGIAbwB1AG4AZABlAGQAIABkAGUAbABhAHkALgBwAGQAZgAPABoADABNAGEAYwBpAG4AdABvAHMAaAAgAEgARAASALVVc2Vycy9tYWd1b2NodW4vRG9jdW1lbnRzL+enkeeglOiuuuaWhy/kuI7nlLPogIHluIjlkIjkvZwv5pe25rue5pa556iLL2JpYi8xOTkyX0pNTUFfVGhlICBzdGFiaWxpdHkgdGhlb3JlbSBmb3Igb25lLWRpbWVuc2lvbmFsIGRlbGF5LWRpZmZlcmVudGlhbCBlcXVhdGlvbnMgd2l0aCB1bmJvdW5kZWQgZGVsYXkucGRmAAATAAEvAAAVAAIAEP//AACABdIcHR4fWCRjbGFzc2VzWiRjbGFzc25hbWWjHyAhXU5TTXV0YWJsZURhdGFWTlNEYXRhWE5TT2JqZWN0XxBxLi4vYmliLzE5OTJfSk1NQV9UaGUgIHN0YWJpbGl0eSB0aGVvcmVtIGZvciBvbmUtZGltZW5zaW9uYWwgZGVsYXktZGlmZmVyZW50aWFsIGVxdWF0aW9ucyB3aXRoIHVuYm91bmRlZCBkZWxheS5wZGbSHB0kJaIlIVxOU0RpY3Rpb25hcnkSAAGGoF8QD05TS2V5ZWRBcmNoaXZlcgAIABEAFgAfACgAMgA1ADoAPABFAEsAUgBdAGUAbABvAHEAcwB2AHgAegB8AIYAkwCYAKADsAOyA7cDwAPLA88D3QPkA+0EYQRmBGkEdgR7AAAAAAAAAgEAAAAAAAAAKAAAAAAAAAAAAAAAAAAABI0=},
	Bdsk-Url-1 = {http://dx.doi.org/10.1016/0022-247X(92)90071-K}}

@article{1987_yoneyama_MR891356,
	Author = {Yoneyama, Toshiaki},
	Coden = {JMANAK},
	Date-Modified = {2012-10-24 03:23:53 +0000},
	Fjournal = {Journal of Mathematical Analysis and Applications},
	Issn = {0022-247X},
	Journal = {J. Math. Anal. Appl.},
	Keywords = {one-dimensional delay-differential equations},
	Mrclass = {34K20 (34D05)},
	Mrnumber = {891356 (88e:34139)},
	Mrreviewer = {P. Talpalaru},
	 Pages = {161--173},
	Title = {On the {${3\over 2}$} stability theorem for one-dimensional delay-differential equations},
	Volume = {125},
	Year = {1987},
	Bdsk-File-1 = {YnBsaXN0MDDUAQIDBAUIJidUJHRvcFgkb2JqZWN0c1gkdmVyc2lvblkkYXJjaGl2ZXLRBgdUcm9vdIABqAkKFRYXGyIjVSRudWxs0wsMDQ4RFFpOUy5vYmplY3RzV05TLmtleXNWJGNsYXNzog8QgASABqISE4ACgAOAB1lhbGlhc0RhdGFccmVsYXRpdmVQYXRo0hgNGRpXTlMuZGF0YU8RAt4AAAAAAt4AAgAADE1hY2ludG9zaCBIRAAAAAAAAAAAAAAAAAAAAMq5p9RIKwAAAClbIx8xOTg3X0pNQUFfT24gdGhlIDNfMiMyOTYwQ0YucGRmAAAAAAAAAAAAAAAAAAAAAAAAAAAAAAAAAAAAAAAAAAAAKWDPzKwvLgAAAAAAAAAAAAEAAgAACSAAAAAAAAAAAAAAAAAAAAADYmliAAAQAAgAAMq5N1QAAAARAAgAAMyrvq4AAAABABwAKVsjACfzHAApYpIACx6QAAUe4AAFHt8AAMAjAAIAcE1hY2ludG9zaCBIRDpVc2VyczoAbWFndW9jaHVuOgBEb2N1bWVudHM6AL/G0dDC287EOgDT68nqwM/KprrP1/c6AMqx1s23vbPMOgBiaWI6ADE5ODdfSk1BQV9PbiB0aGUgM18yIzI5NjBDRi5wZGYADgC4AFsAMQA5ADgANwBfAEoATQBBAEEAXwBPAG4AIAB0AGgAZQAgADMAXwAyACAAcwB0AGEAYgBpAGwAaQB0AHkAIAB0AGgAZQBvAHIAZQBtACAAZgBvAHIAIABvAG4AZQAtAGQAaQBtAGUAbgBzAGkAbwBuAGEAbAAgAGQAZQBsAGEAeQAtAGQAaQBmAGYAZQByAGUAbgB0AGkAYQBsACAAZQBxAHUAYQB0AGkAbwBuAHMALgBwAGQAZgAPABoADABNAGEAYwBpAG4AdABvAHMAaAAgAEgARAASAKZVc2Vycy9tYWd1b2NodW4vRG9jdW1lbnRzL+enkeeglOiuuuaWhy/kuI7nlLPogIHluIjlkIjkvZwv5pe25rue5pa556iLL2JpYi8xOTg3X0pNQUFfT24gdGhlIDNfMiBzdGFiaWxpdHkgdGhlb3JlbSBmb3Igb25lLWRpbWVuc2lvbmFsIGRlbGF5LWRpZmZlcmVudGlhbCBlcXVhdGlvbnMucGRmABMAAS8AABUAAgAQ//8AAIAF0hwdHh9YJGNsYXNzZXNaJGNsYXNzbmFtZaMfICFdTlNNdXRhYmxlRGF0YVZOU0RhdGFYTlNPYmplY3RfEGIuLi9iaWIvMTk4N19KTUFBX09uIHRoZSAzXzIgc3RhYmlsaXR5IHRoZW9yZW0gZm9yIG9uZS1kaW1lbnNpb25hbCBkZWxheS1kaWZmZXJlbnRpYWwgZXF1YXRpb25zLnBkZtIcHSQloiUhXE5TRGljdGlvbmFyeRIAAYagXxAPTlNLZXllZEFyY2hpdmVyAAgAEQAWAB8AKAAyADUAOgA8AEUASwBSAF0AZQBsAG8AcQBzAHYAeAB6AHwAhgCTAJgAoAOCA4QDiQOSA50DoQOvA7YDvwQkBCkELAQ5BD4AAAAAAAACAQAAAAAAAAAoAAAAAAAAAAAAAAAAAAAEUA==},
	Bdsk-Url-1 = {http://dx.doi.org/10.1016/0022-247X(87)90171-5}}

@article{1986_yoneyama_MR861919,
	Author = {Yoneyama, Toshiaki},
	Coden = {JMANAK},
	Date-Modified = {2012-10-24 03:24:47 +0000},
	Fjournal = {Journal of Mathematical Analysis and Applications},
	Issn = {0022-247X},
	Journal = {J. Math. Anal. Appl.},
	Keywords = {The stability; delay-differential equations},
	Mrclass = {34K20 (93D20)},
	Mrnumber = {861919 (88f:34094)},
	Mrreviewer = {R. S. Dahiya},
 	Pages = {271--275},
	Title = {On the stability for the delay-differential equation {$\dot x(t)=-a(t)f(x(t-r(t)))$}},
	Volume = {120},
	Year = {1986},
	Bdsk-File-1 = {YnBsaXN0MDDUAQIDBAUIJidUJHRvcFgkb2JqZWN0c1gkdmVyc2lvblkkYXJjaGl2ZXLRBgdUcm9vdIABqAkKFRYXGyIjVSRudWxs0wsMDQ4RFFpOUy5vYmplY3RzV05TLmtleXNWJGNsYXNzog8QgASABqISE4ACgAOAB1lhbGlhc0RhdGFccmVsYXRpdmVQYXRo0hgNGRpXTlMuZGF0YU8RApQAAAAAApQAAgAADE1hY2ludG9zaCBIRAAAAAAAAAAAAAAAAAAAAMq5p9RIKwAAAClbIx8xOTg2X0pNQUFfT24gdGhlIHN0YSMyOTYwQ0UucGRmAAAAAAAAAAAAAAAAAAAAAAAAAAAAAAAAAAAAAAAAAAAAKWDOzKwvYgAAAAAAAAAAAAEAAgAACSAAAAAAAAAAAAAAAAAAAAADYmliAAAQAAgAAMq5N1QAAAARAAgAAMyrvuIAAAABABwAKVsjACfzHAApYpIACx6QAAUe4AAFHt8AAMAjAAIAcE1hY2ludG9zaCBIRDpVc2VyczoAbWFndW9jaHVuOgBEb2N1bWVudHM6AL/G0dDC287EOgDT68nqwM/KprrP1/c6AMqx1s23vbPMOgBiaWI6ADE5ODZfSk1BQV9PbiB0aGUgc3RhIzI5NjBDRS5wZGYADgCGAEIAMQA5ADgANgBfAEoATQBBAEEAXwBPAG4AIAB0AGgAZQAgAHMAdABhAGIAaQBsAGkAdAB5ACAAZgBvAHIAIAB0AGgAZQAgAGQAZQBsAGEAeQAtAGQAaQBmAGYAZQByAGUAbgB0AGkAYQBsACAAZQBxAHUAYQB0AGkAbwBuAC4AcABkAGYADwAaAAwATQBhAGMAaQBuAHQAbwBzAGgAIABIAEQAEgCNVXNlcnMvbWFndW9jaHVuL0RvY3VtZW50cy/np5HnoJTorrrmlocv5LiO55Sz6ICB5biI5ZCI5L2cL+aXtua7nuaWueeoiy9iaWIvMTk4Nl9KTUFBX09uIHRoZSBzdGFiaWxpdHkgZm9yIHRoZSBkZWxheS1kaWZmZXJlbnRpYWwgZXF1YXRpb24ucGRmAAATAAEvAAAVAAIAEP//AACABdIcHR4fWCRjbGFzc2VzWiRjbGFzc25hbWWjHyAhXU5TTXV0YWJsZURhdGFWTlNEYXRhWE5TT2JqZWN0XxBJLi4vYmliLzE5ODZfSk1BQV9PbiB0aGUgc3RhYmlsaXR5IGZvciB0aGUgZGVsYXktZGlmZmVyZW50aWFsIGVxdWF0aW9uLnBkZtIcHSQloiUhXE5TRGljdGlvbmFyeRIAAYagXxAPTlNLZXllZEFyY2hpdmVyAAgAEQAWAB8AKAAyADUAOgA8AEUASwBSAF0AZQBsAG8AcQBzAHYAeAB6AHwAhgCTAJgAoAM4AzoDPwNIA1MDVwNlA2wDdQPBA8YDyQPWA9sAAAAAAAACAQAAAAAAAAAoAAAAAAAAAAAAAAAAAAAD7Q==},
	Bdsk-Url-1 = {http://dx.doi.org/10.1016/0022-247X(86)90215-5}}

@article{1970_yorke_MR0252799,
	Author = {Yorke, James A.},
	Date-Modified = {2012-10-24 03:25:08 +0000},
	Fjournal = {Journal of Differential Equations},
	Issn = {0022-0396},
	Journal = {J. Differential Equations},
	Keywords = {Asymptotic stability; one dimensional differential-delay equations.},
	Mrclass = {34.75},
	Mrnumber = {0252799 (40 \#6016)},
	Mrreviewer = {G. Sansone},
	Pages = {189--202},
	Title = {Asymptotic stability for one dimensional differential-delay equations.},
	Volume = {7},
	Year = {1970},
	Bdsk-File-1 = {YnBsaXN0MDDUAQIDBAUIJidUJHRvcFgkb2JqZWN0c1gkdmVyc2lvblkkYXJjaGl2ZXLRBgdUcm9vdIABqAkKFRYXGyIjVSRudWxs0wsMDQ4RFFpOUy5vYmplY3RzV05TLmtleXNWJGNsYXNzog8QgASABqISE4ACgAOAB1lhbGlhc0RhdGFccmVsYXRpdmVQYXRo0hgNGRpXTlMuZGF0YU8RAsQAAAAAAsQAAgAADE1hY2ludG9zaCBIRAAAAAAAAAAAAAAAAAAAAMq5p9RIKwAAAClbIx8xOTcwX0pERV9Bc3ltcHRvdGljICMyOTYwQ0QucGRmAAAAAAAAAAAAAAAAAAAAAAAAAAAAAAAAAAAAAAAAAAAAKWDNzKwvggAAAAAAAAAAAAEAAgAACSAAAAAAAAAAAAAAAAAAAAADYmliAAAQAAgAAMq5N1QAAAARAAgAAMyrvwIAAAABABwAKVsjACfzHAApYpIACx6QAAUe4AAFHt8AAMAjAAIAcE1hY2ludG9zaCBIRDpVc2VyczoAbWFndW9jaHVuOgBEb2N1bWVudHM6AL/G0dDC287EOgDT68nqwM/KprrP1/c6AMqx1s23vbPMOgBiaWI6ADE5NzBfSkRFX0FzeW1wdG90aWMgIzI5NjBDRC5wZGYADgCmAFIAMQA5ADcAMABfAEoARABFAF8AQQBzAHkAbQBwAHQAbwB0AGkAYwAgAHMAdABhAGIAaQBsAGkAdAB5ACAAZgBvAHIAIABvAG4AZQAgAGQAaQBtAGUAbgBzAGkAbwBuAGEAbAAgAGQAaQBmAGYAZQByAGUAbgB0AGkAYQBsAC0AZABlAGwAYQB5ACAAZQBxAHUAYQB0AGkAbwBuAHMALgBwAGQAZgAPABoADABNAGEAYwBpAG4AdABvAHMAaAAgAEgARAASAJ1Vc2Vycy9tYWd1b2NodW4vRG9jdW1lbnRzL+enkeeglOiuuuaWhy/kuI7nlLPogIHluIjlkIjkvZwv5pe25rue5pa556iLL2JpYi8xOTcwX0pERV9Bc3ltcHRvdGljIHN0YWJpbGl0eSBmb3Igb25lIGRpbWVuc2lvbmFsIGRpZmZlcmVudGlhbC1kZWxheSBlcXVhdGlvbnMucGRmAAATAAEvAAAVAAIAEP//AACABdIcHR4fWCRjbGFzc2VzWiRjbGFzc25hbWWjHyAhXU5TTXV0YWJsZURhdGFWTlNEYXRhWE5TT2JqZWN0XxBZLi4vYmliLzE5NzBfSkRFX0FzeW1wdG90aWMgc3RhYmlsaXR5IGZvciBvbmUgZGltZW5zaW9uYWwgZGlmZmVyZW50aWFsLWRlbGF5IGVxdWF0aW9ucy5wZGbSHB0kJaIlIVxOU0RpY3Rpb25hcnkSAAGGoF8QD05TS2V5ZWRBcmNoaXZlcgAIABEAFgAfACgAMgA1ADoAPABFAEsAUgBdAGUAbABvAHEAcwB2AHgAegB8AIYAkwCYAKADaANqA28DeAODA4cDlQOcA6UEAQQGBAkEFgQbAAAAAAAAAgEAAAAAAAAAKAAAAAAAAAAAAAAAAAAABC0=}}
